@inproceedings{liu_hotstorage,
 author = {Liu, Qing and Podhorszki, Norbert and Logan, Jeremy and Klasky, Scott},
 title = {Runtime I/O Re-routing + Throttling on HPC Storage},
 booktitle = {Proceedings of the 5th USENIX Conference on Hot Topics in Storage and File Systems},
 series = {HotStorage'13},
 year = {2013},
 location = {San Jose, CA},
 pages = {14--14},
 numpages = {1},
 url = {http://dl.acm.org/citation.cfm?id=2534861.2534875},
 acmid = {2534875},
 publisher = {USENIX Association},
 address = {Berkeley, CA, USA},
} 

@article {liu_helloadios,
author = {Liu, Qing and Logan, Jeremy and Tian, Yuan and Abbasi, Hasan and Podhorszki, Norbert and Choi, Jong Youl and Klasky, Scott and Tchoua, Roselyne and Lofstead, Jay and Oldfield, Ron and Parashar, Manish and Samatova, Nagiza and Schwan, Karsten and Shoshani, Arie and Wolf, Matthew and Wu, Kesheng and Yu, Weikuan},
title = {Hello ADIOS: the challenges and lessons of developing leadership class I/O frameworks},
journal = {Concurrency and Computation: Practice and Experience},
volume = {26},
number = {7},
issn = {1532-0634},
url = {http://dx.doi.org/10.1002/cpe.3125},
doi = {10.1002/cpe.3125},
pages = {1453--1473},
keywords = {high performance computing, high performance I/O, I/O middleware},
year = {2014},
}

@inproceedings{Dai:2014,
 author = {Dai, Dong and Chen, Yong and Kimpe, Dries and Ross, Robert},
 title = {Two-choice Randomized Dynamic I/O Scheduler for Object Storage Systems},
 booktitle = {Proceedings of the International Conference for High Performance Computing, Networking, Storage and Analysis},
 series = {SC '14},
 year = {2014},
 isbn = {978-1-4799-5500-8},
 location = {New Orleans, Louisana},
 pages = {635--646},
 numpages = {12},
 url = {http://dx.doi.org/10.1109/SC.2014.57},
 doi = {10.1109/SC.2014.57},
 acmid = {2683663},
 publisher = {IEEE Press},
 address = {Piscataway, NJ, USA},
}

@inproceedings{Gulati:2010,
 author = {Gulati, Ajay and Kumar, Chethan and Ahmad, Irfan and Kumar, Karan},
 title = {BASIL: Automated IO Load Balancing Across Storage Devices},
 booktitle = {Proceedings of the 8th USENIX Conference on File and Storage Technologies},
 series = {FAST'10},
 year = {2010},
 location = {San Jose, California},
 pages = {13--13},
 numpages = {1},
 url = {http://dl.acm.org/citation.cfm?id=1855511.1855524},
 acmid = {1855524},
 publisher = {USENIX Association},
 address = {Berkeley, CA, USA},
} 

@inproceedings{Gulati:2007,
 author = {Gulati, Ajay and Merchant, Arif and Varman, Peter J.},
 title = {pClock: An Arrival Curve Based Approach for QoS Guarantees in Shared Storage Systems},
 booktitle = {Proceedings of the 2007 ACM SIGMETRICS International Conference on Measurement and Modeling of Computer Systems},
 series = {SIGMETRICS '07},
 year = {2007},
 isbn = {978-1-59593-639-4},
 location = {San Diego, California, USA},
 pages = {13--24},
 numpages = {12},
 url = {http://doi.acm.org/10.1145/1254882.1254885},
 doi = {10.1145/1254882.1254885},
 acmid = {1254885},
 publisher = {ACM},
 address = {New York, NY, USA},
 keywords = {QoS, burst handling, fair scheduling, real time guarantees, resource allocation, storage performance virtualization},
} 

@inproceedings{Gulati:2012,
 author = {Gulati, Ajay and Shanmuganathan, Ganesha and Zhang, Xuechen and Varman, Peter},
 title = {Demand Based Hierarchical QoS Using Storage Resource Pools},
 booktitle = {Proceedings of the 2012 USENIX Conference on Annual Technical Conference},
 series = {USENIX ATC'12},
 year = {2012},
 location = {Boston, MA},
 pages = {1--1},
 numpages = {1},
 url = {http://dl.acm.org/citation.cfm?id=2342821.2342822},
 acmid = {2342822},
 publisher = {USENIX Association},
 address = {Berkeley, CA, USA},
}  
