
@inproceedings{decandia:sosp07,
	Author = {Giuseppe DeCandia and Denz Hastorun and Madan Jampani and Gunavardhan Kakulapati and Avinash Lakshman and Alex Pilchin and Swaminathan Sivasubramanian and Peter Vosshall and Werner Vogels},
	Booktitle = {Proceedings of the 21st ACM Symposium on Operating Systems Principles (SOSP '07)},
	Pages = {205-220},
	Title = {Dynamo: Amazon's highly available key-value store},
	Year = {2007}}

@inproceedings{he:hpdc13,
	Address = {New York City, NY},
	Author = {Jun He and John Bent and Aaron Torres and Gary Grider and Garth Gibson and Carlos Maltzahn and Xian-He Sun},
	Booktitle = {HPDC '13},
	Month = {June 17-22},
	Title = {I/O Acceleration with Pattern Detection},
	Year = {2013}}

@inproceedings{honicky:ipdps04,
	Address = {Santa Fe, NM},
	Author = {R. J. Honicky and Ethan L. Miller},
	Booktitle = {Proceedings of the 18th International Parallel \& Distributed Processing Symposium (IPDPS 2004)},
	Month = {April},
	Organization = {IEEE},
	Title = {Replication Under Scalable Hashing: A Family of Algorithms for Scalable Decentralized Data Distribution},
	Year = {2004}}

@inproceedings{karger:stoc97,
	Author = {David Karger and Eric Lehman and Tom Leighton and Mathhew Levine and Daniel Lewin and Rina Panigrahy},
	Booktitle = {{ACM} Symposium on Theory of Computing},
	Month = {May},
	Pages = {654--663},
	Title = {Consistent Hashing and Random Trees: Distributed Caching Protocols for Relieving Hot Spots on the {World Wide Web}},
	Year = {1997}}

@article{lampson:cacm80,
	Author = {Butler W. Lampson and David D. Redell},
	Journal = {Comm. ACM},
	Month = {February},
	Number = {2},
	Pages = {105--117},
	Title = {Experience with Processes and Monitors in Mesa},
	Volume = {23},
	Year = {1980}}

@inproceedings{lefevre:sigmod14a,
	Address = {Snowbird, UT},
	Author = {Jeff LeFevre and Jagan Sankaranarayanan and Hakan HacÄ±g{\"u}m{\"u}s and Junichi Tatemura and Neoklis Polyzotis and Michael J. Carey},
	Booktitle = {SIGMOD '14},
	Month = {June 22-27},
	Title = {MISO: Souping Up Big Data Query Processing with a Multistore System},
	Year = {2014}}

@inproceedings{lin:rtss06,
	Address = {Rio de Janeiro, Brazil},
	Author = {Caixue Lin and Tim Kaldewey and Anna Povzner and Scott A. Brandt},
	Booktitle = {Proceedings of the 27th IEEE Real-Time Systems Symposium (RTSS 2006)},
	Month = {December 5-8},
	Title = {Diverse Soft Real-Time Processing in an Integrated System},
	Year = {2006}}

@article{malone:tois83,
	Author = {Thomas W. Malone},
	Journal = {ACM Transactions on Information Systems (TOIS)},
	Month = {January},
	Number = {1},
	Pages = {99-112},
	Title = {How do people organize their desks?: Implications for the design of office information systems},
	Volume = {1},
	Year = {1983}}

@inproceedings{povzner:eurosys08,
	Address = {Glasgow, Scottland},
	Author = {Anna Povzner and Tim Kaldewey and Scott A. Brandt and Richard Golding and Theodore Wong and Carlos Maltzahn},
	Booktitle = {Eurosys 2008},
	Month = {March 31 - April 4},
	Title = {Efficient Guaranteed Disk Request Scheduling with Fahrrad},
	Year = {2008}}

@article{povzner:osr08,
	Author = {Anna Povzner and Tim Kaldewey and Scott A. Brandt and Richard Golding and Theodore Wong and Carlos Maltzahn},
	Journal = {Operating Systems Review},
	Month = {May},
	Number = {4},
	Pages = {13-25},
	Title = {Efficient Guaranteed Disk Request Scheduling with Fahrrad},
	Volume = {42},
	Year = {2008}}

@inproceedings{skourtis:hpdc12,
	Address = {Delft, Netherlands},
	Author = {Dimitris Skourtis and Shinpei Kato and Scott Brandt},
	Booktitle = {HPDC '12},
	Month = {June 18-22},
	Title = {QBox: Guaranteeing I/O Performance on Black Box Storage Systems},
	Year = {2012}}

@article{vassiliadis:ijdwm09,
	Author = {Panos Vassiliadis},
	Journal = {International Journal of Data Warehousing \& Mining},
	Month = {July-Sept.},
	Number = {3},
	Title = {A survey of Extract--transform-- Load technology},
	Volume = {5},
	Year = {2009}}

@techreport{watkins:ucsctr15,
	Author = {Noah Watkins and Michael Sevilla and Carlos Maltzahn},
	Institution = {UC Santa Cruz},
	Month = {June 11},
	Number = {UCSC-SOE-15-12},
	Title = {The Case for Programmable Object Storage Systems},
	Type = {Tech. rept.},
	Year = {2015}}

@inproceedings{weil:osdi06,
	Address = {Seattle, WA},
	Author = {Sage A. Weil and Scott A. Brandt and Ethan L. Miller and Darrell D. E. Long and Carlos Maltzahn},
	Booktitle = {OSDI'06},
	Month = {November},
	Title = {{Ceph}: A Scalable, High-Performance Distributed File System},
	Year = 2006}

@inproceedings{weil:sc06,
	Address = {Tampa, FL},
	Author = {Sage A. Weil and Scott A. Brandt and Ethan L. Miller and Carlos Maltzahn},
	Booktitle = {SC '06},
	Month = {November},
	Publisher = {ACM},
	Title = {{CRUSH}: Controlled, Scalable, Decentralized Placement of Replicated Data},
	Year = {2006}}

@article{whittaker:tochi01,
	Author = {Steve Whittaker and Julia Hirschberg},
	Journal = {Trans. Comp. Hum. Interact.},
	Month = {June},
	Number = {2},
	Pages = {150--170},
	Title = {The Character, Value, and Management of Personal Paper Archives},
	Volume = {8},
	Year = {2001}}
