@inproceedings{minerva,
 author = {De, Arup and Gokhale, Maya and Gupta, Rajesh and Swanson, Steven},
 title = {Minerva: Accelerating Data Analysis in Next-Generation SSDs},
 booktitle = {Proceedings of the 2013 IEEE 21st Annual International Symposium on Field-Programmable Custom Computing Machines},
 series = {FCCM '13},
 year = {2013},
 %pages = {9--16},
} 

@inproceedings{tongipdps15,
  title={Exploring Data Staging Across Deep Memory Hierarchies for Coupled Data Intensive Simulation Workflows},
  author={Jin, Tong and Zhang, Fan and Sun, Qian and Bui, Hoang and Podhorszki, Norbert and Klasky, Scott and Kolla, Hemanth and Chen, Jacqueline and Hager, Robert and Chang, Choong-Seock and Parashar, Manish},
  booktitle={Parallel \& Distributed Processing (IPDPS), 2015 IEEE International Symposium on},
  year={2015}
}

@inproceedings {activeflash,
author = {Devesh Tiwari and Simona Boboila and Sudharshan Vazhkudai and Youngjae Kim and Xiaosong Ma and Peter Desnoyers and Yan Solihin},
title = {Active Flash: Towards Energy-Efficient, In-Situ Data Analytics on Extreme-Scale Machines},
booktitle = {Presented as part of the 11th USENIX Conference on File and Storage Technologies (FAST 13)},
year = {2013},
}

@INPROCEEDINGS{multitier, 
author={Prabhakar, R. and Vazhkudai, S.S. and Youngjae Kim and Butt, A.R. and Min Li and Kandemir, M.}, 
booktitle={Distributed Computing Systems (ICDCS), 2011 31st International Conference on}, 
title={Provisioning a Multi-tiered Data Staging Area for Extreme-Scale Machines}, 
year={2011}, 
month={June}, 
pages={1-12}, 
keywords={checkpointing;data handling;file organisation;parallel machines;HPC systems;I/O performance;Jaguar supercomputer job logs;automated provisioning algorithm;checkpointing performance requirement;dynamic data staging area;extreme scale machine;extreme scale supercomputer;high performance computing;impedance matching;least cost storage configuration;massively parallel scientific application;multitiered data staging area;multitiered storage architecture;parallel file systems;Aggregates;Checkpointing;Computer architecture;Random access memory;Resource management;Supercomputers;Throughput;Hierarchial Storage;High performance computing;Provisioning;SSDs}, 
doi={10.1109/ICDCS.2011.33}, 
ISSN={1063-6927},}

@inproceedings{sc10li,
 author = {Li, Min and Vazhkudai, Sudharshan S. and Butt, Ali R. and Meng, Fei and Ma, Xiaosong and Kim, Youngjae and Engelmann, Christian and Shipman, Galen},
 title = {Functional Partitioning to Optimize End-to-End Performance on Many-core Architectures},
 booktitle = {Proceedings of the 2010 ACM/IEEE International Conference for High Performance Computing, Networking, Storage and Analysis},
 series = {SC '10},
 year = {2010},
}

@inproceedings{qiansc15,
 author = {Sun, Qian and Jin, Tong and Pomanus, Melissa and Bui, Hoang and Zhang, Fan and Yu, Hongfeng and Kolla, Hemanth and Chen, Jacqueline and Parashar, Manish},
 title = {Adaptive Data Placement For Staging-based Coupled Scientific Workflows},
 booktitle = {Submitted to the 2010 ACM/IEEE International Conference for High Performance Computing, Networking, Storage and Analysis},
 series = {SC '15},
 year = {2015},
}

