% -------------------------------------------------------------------------
% This BibTex file was generated by Qiqqa (http://www.qiqqa.com/?ref=EXPBIB)
% Friday, June 26, 2015 12:33:21 PM
% Version 3
% -------------------------------------------------------------------------

@inproceedings{deelman2004pegasus,
  title={Pegasus: Mapping scientific workflows onto the grid},
  author={Deelman, Ewa and Blythe, James and Gil, Yolanda and Kesselman, Carl and Mehta, Gaurang and Patil, Sonal and Su, Mei-Hui and Vahi, Karan and Livny, Miron},
  booktitle={Grid Computing},
  pages={11--20},
  year={2004},
  organization={Springer}
}

@incollection{gropp2001learning,
  title={Learning from the success of MPI},
  author={Gropp, William D},
  booktitle={High Performance Computingâ€”HiPC 2001},
  pages={81--92},
  year={2001},
  publisher={Springer}
}

@incollection{gabriel2004open,
  title={Open MPI: Goals, concept, and design of a next generation MPI implementation},
  author={Gabriel, Edgar and Fagg, Graham E and Bosilca, George and Angskun, Thara and Dongarra, Jack J and Squyres, Jeffrey M and Sahay, Vishal and Kambadur, Prabhanjan and Barrett, Brian and Lumsdaine, Andrew and others},
  booktitle={Recent Advances in Parallel Virtual Machine and Message Passing Interface},
  pages={97--104},
  year={2004},
  publisher={Springer}
}

@article{geist1997cumulvs,
  title={Cumulvs: Providing Fault Toler. Ance, Visualization, and Steer Ing of Parallel Applications},
  author={Geist, GA and Kohl, James Arthur and Papadopoulos, Philip M},
  journal={International Journal of High Performance Computing Applications},
  volume={11},
  number={3},
  pages={224--235},
  year={1997},
  publisher={SAGE Publications}
}

@inproceedings{jagana2004open,
  title={Open RDMA Project: Building an RDMA Ecosystem for Linux},
  author={Jagana, Venkata and Metzler, Bernard and Neeser, Fredy},
  booktitle={the workshop on Remote Direct Memory Access (RDMA): Applications, Implementations, and Technologies (RAIT)},
  year={2004}
}

@inproceedings{abbasi2011just,
  title={Just in time: adding value to the IO pipelines of high performance applications with JITStaging},
  author={Abbasi, Hasan and Eisenhauer, Greg and Wolf, Matthew and Schwan, Karsten and Klasky, Scott},
  booktitle={Proceedings of the 20th international symposium on High performance distributed computing},
  pages={27--36},
  year={2011},
  organization={ACM}
}

@inproceedings{lebre2006scheduling,
  title={I/o scheduling service for multi-application clusters},
  author={Lebre, Adrien and Huard, Guillaume and Denneulin, Yves and Sowa, Przemyslaw},
  booktitle={Cluster Computing, 2006 IEEE International Conference on},
  pages={1--10},
  year={2006},
  organization={IEEE}
}

@inproceedings{bethel2013big,
  title={Big Data Analaysis and Visualization: What Do LINACS and Tropical Storms Have In Common?},
  author={Bethel, E},
  booktitle={11th International Computational Accelerator Physics Conference (ICAP 2012), Warnemunde, Germany, August 19-24, 2012},
  year={2013}
}

@inproceedings{medhi2007full,
  title={Full-context videos for first-time, non-literate PC users},
  author={Medhi, Indrani and Toyama, Kentaro},
  booktitle={Information and Communication Technologies and Development, 2007. ICTD 2007. International Conference on},
  pages={1--9},
  year={2007},
  organization={IEEE}
}

@inproceedings{sun2012ugni,
  title={A uGNI-based Asynchronous Message-driven Runtime System for Cray Supercomputers with Gemini Interconnect},
  author={Sun, Yanhua and Zheng, Gengbin and Kal{\'e}, Laximant V and Jones, Terry R and Olson, Ryan},
  booktitle={Parallel \& Distributed Processing Symposium (IPDPS), 2012 IEEE 26th International},
  pages={751--762},
  year={2012},
  organization={IEEE}
}

@inproceedings{docan2007high,
  title={High speed asynchronous data transfers on the cray xt3},
  author={Docan, Ciprian and Parashar, Manish and Klasky, Scott},
  booktitle={Cray User Group Conference},
  volume={5},
  pages={2007},
  year={2007}
}

@article{plale2005active,
  title={Active management of scientific data},
  author={Plale, Beth and Gannon, Dennis and Alameda, Jay and Wilhelmson, Bob and Hampton, Shawn and Rossi, Al and Droegemeier, Kelvin},
  journal={Internet Computing, IEEE},
  volume={9},
  number={1},
  pages={27--34},
  year={2005},
  publisher={IEEE}
}

@article{jiang2013experimental,
  title={Experimental Study on Block and Ratio Storage Strategy and Parallel Transmission Algorithms},
  author={Jiang, Chun-mao and Zhang, Guo-yin and Qu, Ming-cheng},
  journal={Appl. Math},
  volume={7},
  number={3},
  pages={1201--1213},
  year={2013}
}

@inproceedings{bhatele2012runtime,
  title={OS/Runtime challenges for dynamic topology aware mapping},
  author={Bhatele, Abhinav and Gamblin, Todd},
  booktitle={US Department of Energy Exascale Operating Systems and Runtime Research Workshop (ExaOSR)},
  year={2012}
}

@inproceedings{kato2011design,
  title={Design and implementation of parallel file aggregation mechanism},
  author={Kato, Jun and Ishikawa, Yutaka},
  booktitle={Proceedings of the 1st International Workshop on Runtime and Operating Systems for Supercomputers},
  pages={33--40},
  year={2011},
  organization={ACM}
}

@inproceedings{yang2008multi,
  title={Multi-filters collaboration for querying XML data streams},
  author={Yang, Zhimin and Wang, Jing and Yang, Chi},
  booktitle={Computer Supported Cooperative Work in Design, 2008. CSCWD 2008. 12th International Conference on},
  pages={165--170},
  year={2008},
  organization={IEEE}
}

@inproceedings{chen2012decoupled,
  title={A decoupled execution paradigm for data-intensive high-end computing},
  author={Chen, Yong and Chen, Chao and Sun, Xian-He and Gropp, William D and Thakur, Rajeev},
  booktitle={Cluster Computing (CLUSTER), 2012 IEEE International Conference on},
  pages={200--208},
  year={2012},
  organization={IEEE}
}

@inproceedings{bauer2012legion,
  title={Legion: expressing locality and independence with logical regions},
  author={Bauer, Michael and Treichler, Sean and Slaughter, Elliott and Aiken, Alex},
  booktitle={High Performance Computing, Networking, Storage and Analysis (SC), 2012 International Conference for},
  pages={1--11},
  year={2012},
  organization={IEEE}
}

@inproceedings{prabhakar2013disk,
  title={Disk-Cache and Parallelism Aware I/O Scheduling to Improve Storage System Performance},
  author={Prabhakar, Ramya and Kandemir, Mahmut and Jung, Myoungsoo},
  booktitle={Parallel \& Distributed Processing (IPDPS), 2013 IEEE 27th International Symposium on},
  pages={357--368},
  year={2013},
  organization={IEEE}
}

@inproceedings{seamons1995server,
  title={Server-directed collective I/O in Panda},
  author={Seamons, Kent E and Chen, Ying and Jones, P and Jozwiak, J and Winslett, Marianne},
  booktitle={Supercomputing, 1995. Proceedings of the IEEE/ACM SC95 Conference},
  pages={57--57},
  year={1995},
  organization={IEEE}
}

@inproceedings{ren2012protocols,
  title={Protocols for wide-area data-intensive applications: design and performance issues},
  author={Ren, Yufei and Li, Tan and Yu, Dantong and Jin, Shudong and Robertazzi, Thomas and Tierney, Brian L and Pouyoul, Eric},
  booktitle={High Performance Computing, Networking, Storage and Analysis (SC), 2012 International Conference for},
  pages={1--11},
  year={2012},
  organization={IEEE}
}

@incollection{li2013adaptive,
  title={Adaptive Sequential Prefetching for Multiple Streams},
  author={Li, Yong and Feng, Dan and Shi, Zhan and Liu, Qing},
  booktitle={Web-Age Information Management},
  pages={46--55},
  year={2013},
  publisher={Springer}
}

@article{tran2004automatic,
  title={Automatic ARIMA time series modeling for adaptive I/O prefetching},
  author={Tran, Nancy and Reed, Daniel A},
  journal={Parallel and Distributed Systems, IEEE Transactions on},
  volume={15},
  number={4},
  pages={362--377},
  year={2004},
  publisher={IEEE}
}

@inproceedings{zhao2012hiding,
  title={Hiding I/O latency with parallel pre-execution prefetching},
  author={Zhao, Yue and Yoshigoe, Kenji},
  booktitle={Proceedings of the 24th IASTED international conference on parallel and distributed computing and systems (PDCS 2012)},
  pages={162--169},
  year={2012}
}

@inproceedings{lee2010debunking,
  title={Debunking the 100X GPU vs. CPU myth: an evaluation of throughput computing on CPU and GPU},
  author={Lee, Victor W and Kim, Changkyu and Chhugani, Jatin and Deisher, Michael and Kim, Daehyun and Nguyen, Anthony D and Satish, Nadathur and Smelyanskiy, Mikhail and Chennupaty, Srinivas and Hammarlund, Per and others},
  booktitle={ACM SIGARCH Computer Architecture News},
  volume={38},
  number={3},
  pages={451--460},
  year={2010},
  organization={ACM}
}

@inproceedings{tian2011edo,
  title={EDO: improving read performance for scientific applications through elastic data organization},
  author={Tian, Yuan and Klasky, Scott and Abbasi, Hasan and Lofstead, Jay and Grout, Ray and Podhorszki, Norbert and Liu, Qing and Wang, Yandong and Yu, Weikuan},
  booktitle={Cluster Computing (CLUSTER), 2011 IEEE International Conference on},
  pages={93--102},
  year={2011},
  organization={IEEE}
}

@article{sensarn2009resonant,
  title={Resonant sum frequency generation with time-energy entangled photons},
  author={Sensarn, S and Ali-Khan, Irfan and Yin, GY and Harris, SE},
  journal={Physical review letters},
  volume={102},
  number={5},
  pages={053602},
  year={2009},
  publisher={APS}
}

@inproceedings{zheng2011high,
  title={High end scientific codes with computational I/O pipelines: improving their end-to-end performance},
  author={Zheng, Fang and Cao, Jianting and Dayal, Jai and Eisenhauer, Greg and Schwan, Karsten and Wolf, Matthew and Abbasi, Hasan and Klasky, Scott and Podhorszki, Norbert},
  booktitle={Proceedings of the 2nd international workshop on Petascal data analytics: challenges and opportunities},
  pages={23--28},
  year={2011},
  organization={ACM}
}

@inproceedings{harrop1998supporting,
  title={Supporting runtime tool interaction for parallel simulations},
  author={Harrop, Christopher W and Hackstadt, Steven T and Cuny, Janice E and Malony, Allen D and Magde, Laura S},
  booktitle={Proceedings of the 1998 ACM/IEEE conference on Supercomputing},
  pages={1--15},
  year={1998},
  organization={IEEE Computer Society}
}

@inproceedings{tu2006mesh,
  title={From mesh generation to scientific visualization: An end-to-end approach to parallel supercomputing},
  author={Tu, Tiankai and Yu, Hongfeng and Ramirez-Guzman, Leonardo and Bielak, Jacobo and Ghattas, Omar and Ma, Kwan-Liu and O'Hallaron, David R},
  booktitle={Proceedings of the 2006 ACM/IEEE conference on Supercomputing},
  pages={91},
  year={2006},
  organization={ACM}
}

@inproceedings{beckman1998efficient,
  title={Efficient coupling of parallel applications using PAWS},
  author={Beckman, Peter H and Fasel, Patricia K and Humphrey, William E and Mniszewski, Susan M},
  booktitle={High Performance Distributed Computing, 1998. Proceedings. The Seventh International Symposium on},
  pages={215--222},
  year={1998},
  organization={IEEE}
}

@article{memik2006multicollective,
  title={Multicollective I/O: A technique for exploiting inter-file access patterns},
  author={Memik, Gokhan and Kandemir, Mahmut T and Liao, Wei-Keng and Choudhary, Alok},
  journal={ACM Transactions on Storage (ToS)},
  volume={2},
  number={3},
  pages={349--369},
  year={2006},
  publisher={ACM}
}

@article{jiang2013experimental,
  title={Experimental Study on Block and Ratio Storage Strategy and Parallel Transmission Algorithms},
  author={Jiang, Chun-mao and Zhang, Guo-yin and Qu, Ming-cheng},
  journal={Appl. Math},
  volume={7},
  number={3},
  pages={1201--1213},
  year={2013}
}

@inproceedings{sugawara2008effect,
  title={Effect of parallel TCP stream equalizer on real long fat-pipe network},
  author={Sugawara, Yutaka and Yoshino, Takeshi and Tezuka, Hiroshi and Inaba, Mary and Hiraki, Kei},
  booktitle={Network Computing and Applications, 2008. NCA'08. Seventh IEEE International Symposium on},
  pages={279--282},
  year={2008},
  organization={IEEE}
}

@inproceedings{altintas2004kepler,
  title={Kepler: an extensible system for design and execution of scientific workflows},
  author={Altintas, Ilkay and Berkley, Chad and Jaeger, Efrat and Jones, Matthew and Ludascher, Bertram and Mock, Steve},
  booktitle={Scientific and Statistical Database Management, 2004. Proceedings. 16th International Conference on},
  pages={423--424},
  year={2004},
  organization={IEEE}
}

@inproceedings{wu2009using,
  title={Using processor partitioning to evaluate the performance of MPI, OpenMP and hybrid parallel applications on dual-and quad-core Cray XT4 systems},
  author={Wu, Xingfu and Taylor, Valerie},
  booktitle={the 51st Cray User Group Conference (CUG2009)},
  pages={4--7},
  year={2009},
  organization={Citeseer}
}

@inproceedings{sulistio2005time,
  title={A time optimization algorithm for scheduling bag-of-task applications in auction-based proportional share systems},
  author={Sulistio, Anthony and Buyya, Rajkumar},
  booktitle={Computer Architecture and High Performance Computing, 2005. SBAC-PAD 2005. 17th International Symposium on},
  pages={235--242},
  year={2005},
  organization={IEEE}
}

@inproceedings{donnelly2003community,
  title={Community portals through communitization},
  author={Donnelly, Vanessa and Merrick, Roland},
  booktitle={ACM SIGCAPH Computers and the Physically Handicapped},
  number={73-74},
  pages={9--14},
  year={2003},
  organization={ACM}
}

@inproceedings{zhao2010evaluation,
  title={Evaluation of a performance model of Lustre file system},
  author={Zhao, Tiezhu and March, Verdi and Dong, Shoubin and See, Simon},
  booktitle={ChinaGrid Conference (ChinaGrid), 2010 Fifth Annual},
  pages={191--196},
  year={2010},
  organization={IEEE}
}

@article{churches2006programming,
  title={Programming scientific and distributed workflow with Triana services},
  author={Churches, David and Gombas, Gabor and Harrison, Andrew and Maassen, Jason and Robinson, Craig and Shields, Matthew and Taylor, Ian and Wang, Ian},
  journal={Concurrency and Computation: Practice and Experience},
  volume={18},
  number={10},
  pages={1021--1037},
  year={2006},
  publisher={Wiley Online Library}
}

@incollection{hunt1996empirical,
  title={An empirical study of delta algorithms},
  author={Hunt, James J and Vo, Kiem-Phong and Tichy, Walter F},
  booktitle={Software Configuration Management},
  pages={49--66},
  year={1996},
  publisher={Springer}
}

@inproceedings{ali2005semplar,
  title={SEMPLAR: high-performance remote parallel I/O over SRB},
  author={Ali, Nawab and Lauria, Mario},
  booktitle={Cluster Computing and the Grid, 2005. CCGrid 2005. IEEE International Symposium on},
  volume={1},
  pages={366--373},
  year={2005},
  organization={IEEE}
}

@inproceedings{yin2013pattern,
  title={Pattern-direct and layout-aware replication scheme for parallel i/o systems},
  author={Yin, Yanlong and Li, Jibing and He, Jun and Sun, Xian-He and Thakur, Rajeev},
  booktitle={Parallel \& Distributed Processing (IPDPS), 2013 IEEE 27th International Symposium on},
  pages={345--356},
  year={2013},
  organization={IEEE}
}

@inproceedings{mohror2012asynchronous,
  title={Asynchronous Checkpoint Migration with MRNet in the Scalable Checkpoint/Restart Library},
  author={Mohror, Kathryn and Moody, Adam and de Supinski, Bronis R},
  booktitle={Dependable Systems and Networks Workshops (DSN-W), 2012 IEEE/IFIP 42nd International Conference on},
  pages={1--6},
  year={2012},
  organization={IEEE}
}

@inproceedings{devulapalli2007integrating,
  title={Integrating parallel file systems with object-based storage devices},
  author={Devulapalli, Ananth and Dalessandro, Dennis and Wyckoff, Pete and Ali, Nawab and Sadayappan, P},
  booktitle={Proceedings of the 2007 ACM/IEEE conference on Supercomputing},
  pages={27},
  year={2007},
  organization={ACM}
}

@inproceedings{keates2003countering,
  title={Countering design exclusion through inclusive design},
  author={Keates, Simeon and Clarkson, P John},
  booktitle={ACM SIGCAPH Computers and the Physically Handicapped},
  number={73-74},
  pages={69--76},
  year={2003},
  organization={ACM}
}

@inproceedings{bennett2012combining,
  title={Combining in-situ and in-transit processing to enable extreme-scale scientific analysis},
  author={Bennett, Janine C and Abbasi, Hasan and Bremer, P-T and Grout, Ray and Gyulassy, Attila and Jin, Tong and Klasky, Scott and Kolla, Hemanth and Parashar, Manish and Pascucci, Valerio and others},
  booktitle={High Performance Computing, Networking, Storage and Analysis (SC), 2012 International Conference for},
  pages={1--9},
  year={2012},
  organization={IEEE}
}

@article{tobias2012alfven,
  title={Alfv{\'e}n eigenmode structure during off-axis neutral beam injection},
  author={Tobias, B and Bass, EM and Classen, IGJ and Domier, CW and Grierson, BA and Heidbrink, WW and Luhmann Jr, NC and Nazikian, R and Park, HK and Spong, DA and others},
  journal={Nuclear Fusion},
  volume={52},
  number={10},
  pages={103009},
  year={2012},
  publisher={IOP Publishing}
}

@article{latham2012case,
  title={A case study for scientific I/O: Improving the FLASH astrophysics code},
  author={Latham, Rob and Daley, Chris and Liao, Wei-keng and Gao, Kui and Ross, Rob and Dubey, Anshu and Choudhary, Alok},
  journal={Computational Science \& Discovery},
  volume={5},
  number={1},
  pages={015001},
  year={2012},
  publisher={IOP Publishing}
}

@inproceedings{wu2004online,
  title={Online event-driven subsequence matching over financial data streams},
  author={Wu, Huanmei and Salzberg, Betty and Zhang, Donghui},
  booktitle={Proceedings of the 2004 ACM SIGMOD international conference on Management of data},
  pages={23--34},
  year={2004},
  organization={ACM}
}

@inproceedings{erazo2012toward,
  title={Toward comprehensive and accurate simulation performance prediction of parallel file systems},
  author={Erazo, Miguel A and Li, Ting and Liu, Jason and Eidenbenz, Stephan},
  booktitle={Dependable Systems and Networks (DSN), 2012 42nd Annual IEEE/IFIP International Conference on},
  pages={1--12},
  year={2012},
  organization={IEEE}
}

#

@inproceedings{song2011segment,
  title={A segment-level adaptive data layout scheme for improved load balance in parallel file systems},
  author={Song, Huaiming and Yin, Yanlong and Sun, Xian-He and Thakur, Rajeev and Lang, Samuel},
  booktitle={Proceedings of the 2011 11th IEEE/ACM International Symposium on Cluster, Cloud and Grid Computing},
  pages={414--423},
  year={2011},
  organization={IEEE Computer Society}
}

@article{ross2001server,
  title={Server-side scheduling in cluster parallel I/O systems},
  author={Ross, Robert B and Ligon III, Walter B},
  journal={Calculateurs Paralleles Special Issue on Parallel I/O for Cluster Computing},
  year={2001}
}

@article{cooper1997modeling,
  title={Modeling the impact of averaging on aggregation of surface fluxes over BOREAS},
  author={Cooper, Harry J and Smith, Eric A and Gu, Jiujing and Shewchuk, Stanley},
  journal={Journal of Geophysical Research: Atmospheres (1984--2012)},
  volume={102},
  number={D24},
  pages={29235--29253},
  year={1997},
  publisher={Wiley Online Library}
}

@inproceedings{monti2007result,
  title={A result-data offloading service for hpc centers},
  author={Monti, Henry and Butt, Ali R and Vazhkudai, Sudharshan S},
  booktitle={Proceedings of the 2nd international workshop on Petascale data storage: held in conjunction with Supercomputing'07},
  pages={45--49},
  year={2007},
  organization={ACM}
}

@article{khan1999intensive,
  title={Intensive data management in parallel systems: A survey},
  author={Khan, M Farrukh and Paul, Ray and Ahmed, Ishfaq and Ghafoor, Arif},
  journal={Distributed and Parallel Databases},
  volume={7},
  number={4},
  pages={383--414},
  year={1999},
  publisher={Springer}
}

@inproceedings{zheng2011situ,
  title={In-situ i/o processing: A case for location flexibility},
  author={Zheng, Fang and Abbasi, Hasan and Cao, Jianting and Dayal, Jai and Schwan, Karsten and Wolf, Matthew and Klasky, Scott and Podhorszki, Norbert},
  booktitle={Proceedings of the sixth workshop on Parallel Data Storage},
  pages={37--42},
  year={2011},
  organization={ACM}
}

@inproceedings{zhang2004scirun2,
  title={SCIRun2: A CCA framework for high performance computing},
  author={Zhang, Keming and Damevski, Kostadin and Venkatachalapathy, Venkatanand and Parker, Steven G},
  booktitle={High-Level Parallel Programming Models and Supportive Environments, 2004. Proceedings. Ninth International Workshop on},
  pages={72--79},
  year={2004},
  organization={IEEE}
}

@inproceedings{thain2001kangaroo,
  title={The kangaroo approach to data movement on the grid},
  author={Thain, Douglas and Basney, Jim and Son, Se-Chang and Livny, Miron},
  booktitle={High Performance Distributed Computing, 2001. Proceedings. 10th IEEE International Symposium on},
  pages={325--333},
  year={2001},
  organization={IEEE}
}

@inproceedings{truong1998improving,
  title={Improving cache behavior of dynamically allocated data structures},
  author={Truong, Dan N and Bodin, Fran{\c{c}}ois and Seznec, Andr{\'e}},
  booktitle={Parallel Architectures and Compilation Techniques, 1998. Proceedings. 1998 International Conference on},
  pages={322--329},
  year={1998},
  organization={IEEE}
}

@inproceedings{hunt2010zookeeper,
  title={ZooKeeper: Wait-free Coordination for Internet-scale Systems.},
  author={Hunt, Patrick and Konar, Mahadev and Junqueira, Flavio Paiva and Reed, Benjamin},
  booktitle={USENIX Annual Technical Conference},
  volume={8},
  pages={9},
  year={2010}
}

@incollection{branson2007clasp,
  title={CLASP: collaborating, autonomous stream processing systems},
  author={Branson, Michael and Douglis, Fred and Fawcett, Brad and Liu, Zhen and Riabov, Anton and Ye, Fan},
  booktitle={Middleware 2007},
  pages={348--367},
  year={2007},
  publisher={Springer}
}

@incollection{bowers2005actor,
  title={Actor-oriented design of scientific workflows},
  author={Bowers, Shawn and Lud{\"a}scher, Bertram},
  booktitle={Conceptual Modeling--ER 2005},
  pages={369--384},
  year={2005},
  publisher={Springer}
}

@article{rosenblum1992design,
  title={The design and implementation of a log-structured file system},
  author={Rosenblum, Mendel and Ousterhout, John K},
  journal={ACM Transactions on Computer Systems (TOCS)},
  volume={10},
  number={1},
  pages={26--52},
  year={1992},
  publisher={ACM}
}

@article{wang2011mvapich2,
  title={MVAPICH2-GPU: optimized GPU to GPU communication for InfiniBand clusters},
  author={Wang, Hao and Potluri, Sreeram and Luo, Miao and Singh, Ashish Kumar and Sur, Sayantan and Panda, Dhabaleswar K},
  journal={Computer Science-Research and Development},
  volume={26},
  number={3-4},
  pages={257--266},
  year={2011},
  publisher={Springer}
}

@article{dickinson2002challenging,
  title={Challenging interfaces/redesigning users},
  author={Dickinson, Anna and Eisma, Roos and Gregor, Peter},
  journal={ACM SIGCAPH Computers and the Physically Handicapped},
  number={73-74},
  pages={61--68},
  year={2002},
  publisher={ACM}
}

@article{stockinger2005dex,
  title={Dex: Increasing the capability of scientific data analysis pipelines by using efficient bitmap indices to accelerate scientific visualization},
  author={Stockinger, Kurt and Shalf, John and Bethel, Wes and Wu, Kesheng},
  journal={Lawrence Berkeley National Laboratory},
  year={2005}
}

@inproceedings{pasquale1994dynamic,
  title={Dynamic I/O characterization of I/O intensive scientific applications},
  author={Pasquale, Barbara K and Polyzos, George C},
  booktitle={Proceedings of the 1994 ACM/IEEE conference on Supercomputing},
  pages={660--669},
  year={1994},
  organization={IEEE Computer Society Press}
}

@article{charles2005x10,
  title={X10: an object-oriented approach to non-uniform cluster computing},
  author={Charles, Philippe and Grothoff, Christian and Saraswat, Vijay and Donawa, Christopher and Kielstra, Allan and Ebcioglu, Kemal and Von Praun, Christoph and Sarkar, Vivek},
  journal={Acm Sigplan Notices},
  volume={40},
  number={10},
  pages={519--538},
  year={2005},
  publisher={ACM}
}

@article{stratton2012parboil,
  title={Parboil: A revised benchmark suite for scientific and commercial throughput computing},
  author={Stratton, John A and Rodrigues, Christopher and Sung, I-Jui and Obeid, Nady and Chang, Li-Wen and Anssari, Nasser and Liu, Geng Daniel and Hwu, Wen-mei W},
  journal={Center for Reliable and High-Performance Computing},
  year={2012}
}

@inproceedings{wu2004performance,
  title={On the performance of bitmap indices for high cardinality attributes},
  author={Wu, Kesheng and Otoo, Ekow and Shoshani, Arie},
  booktitle={Proceedings of the Thirtieth international conference on Very large data bases-Volume 30},
  pages={24--35},
  year={2004},
  organization={VLDB Endowment}
}

@article{dorierdamaris,
  title={Damaris: Efficiently Leveraging I/O Cores for Scalable Post-Petascale HPC Simulations},
  author={Dorier, Matthieu}
}

@inproceedings{kim2005workflow,
  title={A Workflow Knowledge Grid/P2P Architecture for Massively Parallel and Very Large Scale Workflows},
  author={Kim, Kwang-Hoon},
  booktitle={Semantics, Knowledge and Grid, 2005. SKG'05. First International Conference on},
  pages={7--7},
  year={2005},
  organization={IEEE}
}

@article{teodoro2012high,
  title={High-throughput execution of hierarchical analysis pipelines on hybrid cluster platforms},
  author={Teodoro, George and Pan, Tony and Kurc, Tahsin M and Kong, Jun and Cooper, Lee AD and Saltz, Joel H},
  journal={arXiv preprint arXiv:1209.3332},
  year={2012}
}

@article{citation-0,
  title={N-to-M Mode of IO and Data Management in Numerical Simulations},
  author={Dai, William W}
}

@inproceedings{agrawal1996interprocedural,
  title={An interprocedural framework for placement of asynchronous I/O operations},
  author={Agrawal, Gagan and Acharya, Anurag and Saltz, Joel},
  booktitle={Proceedings of the 10th international conference on Supercomputing},
  pages={358--365},
  year={1996},
  organization={ACM}
}

@inproceedings{oldfield2006lightweight,
  title={Lightweight I/O for scientific applications},
  author={Oldfield, Ron A and Ward, Lee and Riesen, Rolf and Maccabe, Arthur B and Widener, Patrick and Kordenbrock, Todd},
  booktitle={Cluster Computing, 2006 IEEE International Conference on},
  pages={1--11},
  year={2006},
  organization={IEEE}
}

@article{atkinson2012data,
  title={Data-intensive architecture for scientific knowledge discovery},
  author={Atkinson, Malcolm and Liew, Chee Sun and Galea, Michelle and Martin, Paul and Krause, Amrey and Mouat, Adrian and Corcho, Oscar and Snelling, David},
  journal={Distributed and Parallel Databases},
  volume={30},
  number={5-6},
  pages={307--324},
  year={2012},
  publisher={Springer}
}

@article{sotirov2008bypassing,
  title={Bypassing browser memory protections in Windows Vista},
  author={Sotirov, Alexander and Dowd, Mark},
  journal={Blackhat USA},
  year={2008}
}

@inproceedings{sucu2003ace,
  title={Ace: A resource-aware adaptive compression environment},
  author={Sucu, Sezgin and Krintz, Chandra},
  booktitle={Information Technology: Coding and Computing [Computers and Communications], 2003. Proceedings. ITCC 2003. International Conference on},
  pages={183--188},
  year={2003},
  organization={IEEE}
}

@article{lee2012region,
  title={Region scheduling: efficiently using the cache architectures via page-level affinity},
  author={Lee, Min and Schwan, Karsten},
  journal={ACM SIGARCH Computer Architecture News},
  volume={40},
  number={1},
  pages={451--462},
  year={2012},
  publisher={ACM}
}

@inproceedings{mao2012sar,
  title={SAR: SSD assisted restore optimization for deduplication-based storage systems in the cloud},
  author={Mao, Bo and Jiang, Hong and Wu, Suzhen and Fu, Yinjin and Tian, Lei},
  booktitle={Networking, Architecture and Storage (NAS), 2012 IEEE 7th International Conference on},
  pages={328--337},
  year={2012},
  organization={IEEE}
}

@inproceedings{ten2010dmapp,
  title={Dmapp-an api for one-sided program models on baker systems},
  author={ten Bruggencate, Monika and Roweth, Duncan},
  booktitle={Cray User Group Conference},
  year={2010}
}

@inproceedings{ghemawat2003google,
  title={The Google file system},
  author={Ghemawat, Sanjay and Gobioff, Howard and Leung, Shun-Tak},
  booktitle={ACM SIGOPS Operating Systems Review},
  volume={37},
  number={5},
  pages={29--43},
  year={2003},
  organization={ACM}
}

@inproceedings{koukis2006memory,
  title={Memory and network bandwidth aware scheduling of multiprogrammed workloads on clusters of SMPs},
  author={Koukis, Evangelos and Koziris, Nectarios},
  booktitle={Parallel and Distributed Systems, 2006. ICPADS 2006. 12th International Conference on},
  volume={1},
  pages={10--pp},
  year={2006},
  organization={IEEE}
}

@inproceedings{kim2011parallel,
  title={Parallel in situ indexing for data-intensive computing},
  author={Kim, Jinoh and Abbasi, Hasan and Chacon, Luis and Docan, Ciprian and Klasky, Scott and Liu, Qing and Podhorszki, Norbert and Shoshani, Arie and Wu, Kesheng},
  booktitle={Large Data Analysis and Visualization (LDAV), 2011 IEEE Symposium on},
  pages={65--72},
  year={2011},
  organization={IEEE}
}

@article{gray2005scientific,
  title={Scientific data management in the coming decade},
  author={Gray, Jim and Liu, David T and Nieto-Santisteban, Maria and Szalay, Alex and DeWitt, David J and Heber, Gerd},
  journal={ACM SIGMOD Record},
  volume={34},
  number={4},
  pages={34--41},
  year={2005},
  publisher={ACM}
}

@inproceedings{jafarpour2008fast,
  title={A fast and robust content-based publish/subscribe architecture},
  author={Jafarpour, Hojjat and Mehrotra, Sharad and Venkatasubramanian, Nalini},
  booktitle={Network Computing and Applications, 2008. NCA'08. Seventh IEEE International Symposium on},
  pages={52--59},
  year={2008},
  organization={IEEE}
}

#

@article{ding1999improving,
  title={Improving cache performance in dynamic applications through data and computation reorganization at run time},
  author={Ding, Chen and Kennedy, Ken},
  journal={ACM SIGPLAN Notices},
  volume={34},
  number={5},
  pages={229--241},
  year={1999},
  publisher={ACM}
}

@article{melnik2010dremel,
  title={Dremel: interactive analysis of web-scale datasets},
  author={Melnik, Sergey and Gubarev, Andrey and Long, Jing Jing and Romer, Geoffrey and Shivakumar, Shiva and Tolton, Matt and Vassilakis, Theo},
  journal={Proceedings of the VLDB Endowment},
  volume={3},
  number={1-2},
  pages={330--339},
  year={2010},
  publisher={VLDB Endowment}
}

@inproceedings{oldfield2006investigating,
  title={Investigating lightweight storage and overlay networks for fault tolerance},
  author={Oldfield, Ron A},
  booktitle={Proceedings of the High Availability and Performance Computing Workshop, Santa Fe, NM},
  year={2006}
}

@inproceedings{abbasi2007live,
  title={LIVE:: a light-weight data workspace for computational science},
  author={Abbasi, Hasan and Wolf, Matthew and Schwan, Karsten},
  booktitle={Proceedings of the 16th international symposium on High performance distributed computing},
  pages={227--228},
  year={2007},
  organization={ACM}
}

@article{dandamudi1999reducing,
  title={Reducing hot-spot contention in shared-memory multiprocessor systems},
  author={Dandamudi, Sivarama P},
  journal={IEEE concurrency},
  volume={7},
  number={1},
  pages={48--59},
  year={1999},
  publisher={IEEE Computer Society}
}

@inproceedings{xiao2012co,
  title={Co-located Compute and Binary File Storage in Data-intensive Computing},
  author={Xiao, Qiangju and Shang, Pengju and Wang, Jun},
  booktitle={Networking, Architecture and Storage (NAS), 2012 IEEE 7th International Conference on},
  pages={199--206},
  year={2012},
  organization={IEEE}
}

@incollection{lee1998mapping,
  title={A mapping methodology for designing software task pipelines for embedded signal processing},
  author={Lee, Myungho and Liu, Wenheng and Prasanna, Viktor K},
  booktitle={Parallel and Distributed Processing},
  pages={937--944},
  year={1998},
  publisher={Springer}
}

@inproceedings{bertrand2004dca,
  title={DCA: A distributed CCA framework based on MPI},
  author={Bertrand, Felipe and Bramley, Randall},
  booktitle={High-Level Parallel Programming Models and Supportive Environments, 2004. Proceedings. Ninth International Workshop on},
  pages={80--89},
  year={2004},
  organization={IEEE}
}

@inproceedings{pebay2011design,
  title={Design and performance of a scalable, parallel statistics toolkit},
  author={P{\'e}bay, Philippe and Thompson, David and Bennett, Janine and Mascarenhas, Ajith},
  booktitle={Parallel and Distributed Processing Workshops and Phd Forum (IPDPSW), 2011 IEEE International Symposium on},
  pages={1475--1484},
  year={2011},
  organization={IEEE}
}

@article{song2013cost,
  title={Cost-intelligent application-specific data layout optimization for parallel file systems},
  author={Song, Huaiming and Yin, Yanlong and Chen, Yong and Sun, Xian-He},
  journal={Cluster computing},
  volume={16},
  number={2},
  pages={285--298},
  year={2013},
  publisher={Springer}
}

@article{heinisdata,
  title={Data Engineering},
  author={Heinis, Thomas and Tauheed, Farhan and Pavlovic, Mirjana and Ailamaki, Anastasia and Vanderplas, Jacob and Soroush, Emad and Krughoff, Simon and Balazinska, Magdalena and Stonebraker, Michael and Duggan, Jennie and others}
}

@article{gray2005scientific,
  title={Scientific data management in the coming decade},
  author={Gray, Jim and Liu, David T and Nieto-Santisteban, Maria and Szalay, Alex and DeWitt, David J and Heber, Gerd},
  journal={ACM SIGMOD Record},
  volume={34},
  number={4},
  pages={34--41},
  year={2005},
  publisher={ACM}
}

@inproceedings{balakrishnan2008towards,
  title={Towards a realistic context dissemination protocol using pure multi-level overlay networks},
  author={Balakrishnan, Dineshbalu and Nayak, Amiya and Dhar, Pulak},
  booktitle={Networks, 2008. ICON 2008. 16th IEEE International Conference on},
  pages={1--7},
  year={2008},
  organization={IEEE}
}

@article{nicol1995noncommittal,
  title={Noncommittal barrier synchronization},
  author={Nicol, David M},
  journal={Parallel Computing},
  volume={21},
  number={4},
  pages={529--549},
  year={1995},
  publisher={Elsevier}
}

@techreport{mascarenhas2011current,
  title={Current parallel I/O limitations to scalable data analysis.},
  author={Mascarenhas, Ajith Arthur and Pebay, Philippe Pierre},
  year={2011},
  institution={Sandia National Laboratories}
}

@article{tikhonova2010visualization,
  title={Visualization by proxy: A novel framework for deferred interaction with volume data},
  author={Tikhonova, Anna and Correa, C and Ma, Kwan-Liu},
  journal={Visualization and Computer Graphics, IEEE Transactions on},
  volume={16},
  number={6},
  pages={1551--1559},
  year={2010},
  publisher={IEEE}
}

@article{stockinger2006using,
  title={Using bitmap indexing technology for combined numerical and text queries},
  author={Stockinger, Kurt and Cieslewicz, John and Wu, Kesheng and Rotem, Doron and Shoshani, Arie},
  journal={Lawrence Berkeley National Laboratory},
  year={2006}
}

@inproceedings{davidson2008provenance,
  title={Provenance and scientific workflows: challenges and opportunities},
  author={Davidson, Susan B and Freire, Juliana},
  booktitle={Proceedings of the 2008 ACM SIGMOD international conference on Management of data},
  pages={1345--1350},
  year={2008},
  organization={ACM}
}

@article{abbasi2010datastager,
  title={Datastager: scalable data staging services for petascale applications},
  author={Abbasi, Hasan and Wolf, Matthew and Eisenhauer, Greg and Klasky, Scott and Schwan, Karsten and Zheng, Fang},
  journal={Cluster Computing},
  volume={13},
  number={3},
  pages={277--290},
  year={2010},
  publisher={Springer}
}

@inproceedings{gu2012modeling,
  title={A Modeling Method of Scientific Workflow Based on Cloud Environment},
  author={Gu, Rongrong and Wu, Shaochun and Dong, Han and Xu, Yongquan and Chen, Gaozhao and Xu, Lingyu},
  booktitle={Computer and Information Science (ICIS), 2012 IEEE/ACIS 11th International Conference on},
  pages={31--36},
  year={2012},
  organization={IEEE}
}

@inproceedings{liu2005efficient,
  title={Efficient and robust computation of resource clusters in the Internet},
  author={Liu, Chuang and Foster, Ian},
  booktitle={Cluster Computing, 2005. IEEE International},
  pages={1--9},
  year={2005},
  organization={IEEE}
}

@inproceedings{kumar2011pidx,
  title={PIDX: Efficient Parallel I/O for Multi-resolution Multi-dimensional Scientific Datasets.},
  author={Kumar, Sidharth and Vishwanath, Venkatram and Carns, Philip H and Summa, Brian and Scorzelli, Giorgio and Pascucci, Valerio and Ross, Robert B and Chen, Jacqueline and Kolla, Hemanth and Grout, Ray W},
  booktitle={CLUSTER},
  pages={103--111},
  year={2011}
}

@article{docan2012dataspaces,
  title={DataSpaces: an interaction and coordination framework for coupled simulation workflows},
  author={Docan, Ciprian and Parashar, Manish and Klasky, Scott},
  journal={Cluster Computing},
  volume={15},
  number={2},
  pages={163--181},
  year={2012},
  publisher={Springer}
}

@inproceedings{erazo2012toward,
  title={Toward comprehensive and accurate simulation performance prediction of parallel file systems},
  author={Erazo, Miguel A and Li, Ting and Liu, Jason and Eidenbenz, Stephan},
  booktitle={Dependable Systems and Networks (DSN), 2012 42nd Annual IEEE/IFIP International Conference on},
  pages={1--12},
  year={2012},
  organization={IEEE}
}

@inproceedings{gong2012multi,
  title={Multi-level layout optimization for efficient spatio-temporal queries on ISABELA-compressed data},
  author={Gong, Zhenhuan and Lakshminarasimhan, Sriram and Jenkins, John and Kolla, Hemanth and Ethier, Stephane and Chen, Jackie and Ross, Robert and Klasky, Scott and Samatova, Nagiza F},
  booktitle={Parallel \& Distributed Processing Symposium (IPDPS), 2012 IEEE 26th International},
  pages={873--884},
  year={2012},
  organization={IEEE}
}

@inproceedings{bertrand2005data,
  title={Data redistribution and remote method invocation in parallel component architectures},
  author={Bertrand, Felipe and Bramley, Randall and Bernholdt, David E and Kohl, James A and Sussman, Alan and Larson, Jay Walter and Damevski, Kostadin B},
  booktitle={Parallel and Distributed Processing Symposium, 2005. Proceedings. 19th IEEE International},
  pages={40b--40b},
  year={2005},
  organization={IEEE}
}

@article{oldfield2012trilinos,
  title={Trilinos i/o support (trios)},
  author={Oldfield, Ron A and Sjaardema, Gregory D and Lofstead II, Gerald F and Kordenbrock, Todd},
  journal={Scientific Programming},
  volume={20},
  number={2},
  pages={181--196},
  year={2012},
  publisher={IOS Press}
}

@book{franz1997adaptive,
  title={Adaptive compression of syntax trees and iterative dynamic code optimization: Two basic technologies for mobile object systems},
  author={Franz, Michael},
  year={1997},
  publisher={Springer}
}

@article{mills2007runtime,
  title={Runtime and programming support for memory adaptation in scientific applications via local disk and remote memory},
  author={Mills, Richard T and Yue, Chuan and Stathopoulos, Andreas and Nikolopoulos, Dimitrios S},
  journal={Journal of Grid Computing},
  volume={5},
  number={2},
  pages={213--234},
  year={2007},
  publisher={Springer}
}

@inproceedings{szalay2009graywulf,
  title={Graywulf: Scalable clustered architecture for data intensive computing},
  author={Szalay, Alexander S and Bell, Gordon and Vandenberg, Jan and Wonders, Alainna and Burns, Randal and Fay, Dan and Heasley, Jim and Hey, Tony and Nieto-SantiSteban, Maria and Thakar, Ani and others},
  booktitle={System Sciences, 2009. HICSS'09. 42nd Hawaii International Conference on},
  pages={1--10},
  year={2009},
  organization={IEEE}
}

@article{widener2007structured,
  title={Structured streams: Data services for petascale science environments},
  author={Widener, Patrick M and Wolf, Matthew and Abbasi, Hasan and Barrick, Matthew and Lofstead, Jay and Pullikottil, Jack and Eisenhauer, Greg and Gavrilovska, Ada and Klasky, Scott and Oldfield, Ron and others},
  journal={University of New Mexico, Albuquerque, NM, Tech. Rep. TR-CS-2007-17},
  pages={07--11},
  year={2007}
}

@article{gil2007examining,
  title={Examining the challenges of scientific workflows},
  author={Gil, Yolanda and Deelman, Ewa and Ellisman, Mark and Fahringer, Thomas and Fox, Geoffrey and Gannon, Dennis and Goble, Carole and Livny, Miron and Moreau, Luc and Myers, Jim},
  journal={Ieee computer},
  volume={40},
  number={12},
  pages={26--34},
  year={2007},
  publisher={IEEE}
}

@article{jacob2005m,
  title={M$\times$ N communication and parallel interpolation in Community Climate System Model Version 3 using the model coupling toolkit},
  author={Jacob, Robert and Larson, Jay and Ong, Everest},
  journal={International Journal of High Performance Computing Applications},
  volume={19},
  number={3},
  pages={293--307},
  year={2005},
  publisher={SAGE Publications}
}

@article{widener2011exploiting,
  title={Exploiting latent i/o asynchrony in petascale science applications},
  author={Widener, Patrick and Wolf, Matthew and Abbasi, Hasan and McManus, Scott and Payne, Mary and Barrick, Matthew and Pulikottil, Jack and Bridges, Patrick and Schwan, Karsten},
  journal={International Journal of High Performance Computing Applications},
  volume={25},
  number={2},
  pages={161--179},
  year={2011},
  publisher={SAGE Publications}
}

@inproceedings{pu2005fine,
  title={Fine-grain adaptive compression in dynamically variable networks},
  author={Pu, Calton and Singaravelu, Lenin},
  booktitle={Distributed Computing Systems, 2005. ICDCS 2005. Proceedings. 25th IEEE International Conference on},
  pages={685--694},
  year={2005},
  organization={IEEE}
}

@article{liu1998utilizing,
  title={Utilizing the power of high-performance computing},
  author={Liu, Wenheng and Prasanna, Viktor K},
  journal={Signal Processing Magazine, IEEE},
  volume={15},
  number={5},
  pages={85--100},
  year={1998},
  publisher={IEEE}
}

@inproceedings{lofstead2008flexible,
  title={Flexible io and integration for scientific codes through the adaptable io system (adios)},
  author={Lofstead, Jay F and Klasky, Scott and Schwan, Karsten and Podhorszki, Norbert and Jin, Chen},
  booktitle={Proceedings of the 6th international workshop on Challenges of large applications in distributed environments},
  pages={15--24},
  year={2008},
  organization={ACM}
}

@inproceedings{chen2010improving,
  title={Improving parallel I/O performance with data layout awareness},
  author={Chen, Yong and Sun, Xian-He and Thakur, Rajeev and Song, Huaiming and Jin, Hui},
  booktitle={Cluster Computing (CLUSTER), 2010 IEEE International Conference on},
  pages={302--311},
  year={2010},
  organization={IEEE}
}

@inproceedings{oldfield2012developing,
  title={Developing integrated data services for Cray systems with a Gemini interconnect},
  author={Oldfield, Ron A and Kordenbrock, Todd and Lofstead, Jay},
  booktitle={Cray User Group Meeting},
  year={2012}
}

@inproceedings{brightwell2005implementation,
  title={Implementation and performance of Portals 3.3 on the Cray XT3},
  author={Brightwell, Ron and Hudson, Trammell and Pedretti, Kevin and Riesen, Rolf and Underwood, Keith D},
  booktitle={Cluster Computing, 2005. IEEE International},
  pages={1--10},
  year={2005},
  organization={IEEE}
}

@inproceedings{bicer2013integrating,
  title={Integrating online compression to accelerate large-scale data analytics applications},
  author={Bicer, Tekin and Yin, Jian and Chiu, David and Agrawal, Gagan and Schuchardt, Karen},
  booktitle={Parallel \& Distributed Processing (IPDPS), 2013 IEEE 27th International Symposium on},
  pages={1205--1216},
  year={2013},
  organization={IEEE}
}

@article{chervenak2003high,
  title={High-performance remote access to climate simulation data: a challenge problem for data grid technologies},
  author={Chervenak, Ann and Deelman, Ewa and Kesselman, Carl and Allcock, Bill and Foster, Ian and Nefedova, Veronika and Lee, Jason and Sim, Alex and Shoshani, Arie and Drach, Bob and others},
  journal={Parallel Computing},
  volume={29},
  number={10},
  pages={1335--1356},
  year={2003},
  publisher={Elsevier}
}

@article{yeo2012dataflow,
  title={Dataflow Oriented Workflow Similarity Matching Using Causal Analysis},
  author={Yeo, Philip and Abidi, Syed Sibte Raza},
  year={2012}
}

@inproceedings{zheng2010predata,
  title={PreDatA--preparatory data analytics on peta-scale machines},
  author={Zheng, Fang and Abbasi, Hasan and Docan, Ciprian and Lofstead, Jay and Liu, Qing and Klasky, Scott and Parashar, Manish and Podhorszki, Norbert and Schwan, Karsten and Wolf, Matthew},
  booktitle={Parallel \& Distributed Processing (IPDPS), 2010 IEEE International Symposium on},
  pages={1--12},
  year={2010},
  organization={IEEE}
}

@inproceedings{zheng2011situ,
  title={In-situ i/o processing: A case for location flexibility},
  author={Zheng, Fang and Abbasi, Hasan and Cao, Jianting and Dayal, Jai and Schwan, Karsten and Wolf, Matthew and Klasky, Scott and Podhorszki, Norbert},
  booktitle={Proceedings of the sixth workshop on Parallel Data Storage},
  pages={37--42},
  year={2011},
  organization={ACM}
}

@inproceedings{ranganathan1996runtime,
  title={Runtime coupling of data-parallel programs},
  author={Ranganathan, Mudumbai and Acharya, Anurag and Edjlali, Guy and Sussman, Alan and Saltz, Joel},
  booktitle={Proceedings of the 10th international conference on Supercomputing},
  pages={229--236},
  year={1996},
  organization={ACM}
}

@inproceedings{agrawal1996interprocedural,
  title={An interprocedural framework for placement of asynchronous I/O operations},
  author={Agrawal, Gagan and Acharya, Anurag and Saltz, Joel},
  booktitle={Proceedings of the 10th international conference on Supercomputing},
  pages={358--365},
  year={1996},
  organization={ACM}
}

@inproceedings{tran2001arima,
  title={ARIMA time series modeling and forecasting for adaptive I/O prefetching},
  author={Tran, Nancy and Reed, Daniel A},
  booktitle={Proceedings of the 15th international conference on Supercomputing},
  pages={473--485},
  year={2001},
  organization={ACM}
}

@article{settlemyer2009study,
  title={A study of client-based caching for parallel I/O},
  author={Settlemyer, Bradley},
  year={2009}
}

@article{Wan2011Victim
,	author	= {Wan, Shenggang and Cao, Qiang and Huang, Jianzhong and Li, Siyi and Li, Xin and Zhan, Shenghui and Yu, Li and Xie, Changsheng and He, Xubin}
,	title	= {An Evaluation of Peak Throughput with Parallel IO}
,	year	= {2011}
}

@inproceedings{iyer2001anticipatory,
  title={Anticipatory scheduling: A disk scheduling framework to overcome deceptive idleness in synchronous I/O},
  author={Iyer, Sitaram and Druschel, Peter},
  booktitle={ACM SIGOPS Operating Systems Review},
  volume={35},
  number={5},
  pages={117--130},
  year={2001},
  organization={ACM}
}

@inproceedings{unat2009adaptive,
  title={An adaptive sub-sampling method for in-memory compression of scientific data},
  author={Unat, Didem and Hromadka, T and Baden, Scott B},
  booktitle={Data Compression Conference, 2009. DCC'09.},
  pages={262--271},
  year={2009},
  organization={IEEE}
}

@article{labrinidis2012challenges,
  title={Challenges and opportunities with big data},
  author={Labrinidis, Alexandros and Jagadish, HV},
  journal={Proceedings of the VLDB Endowment},
  volume={5},
  number={12},
  pages={2032--2033},
  year={2012},
  publisher={VLDB Endowment}
}

@inproceedings{zhang2004scirun2,
  title={SCIRun2: A CCA framework for high performance computing},
  author={Zhang, Keming and Damevski, Kostadin and Venkatachalapathy, Venkatanand and Parker, Steven G},
  booktitle={High-Level Parallel Programming Models and Supportive Environments, 2004. Proceedings. Ninth International Workshop on},
  pages={72--79},
  year={2004},
  organization={IEEE}
}

@article{cannataro2003knowledge,
  title={The knowledge grid},
  author={Cannataro, Mario and Talia, Domenico},
  journal={Communications of the ACM},
  volume={46},
  number={1},
  pages={89--93},
  year={2003},
  publisher={ACM}
}

@article{foster1999distance,
  title={Distance visualization: Data exploration on the grid},
  author={Foster, Ian and Insley, Joseph and von Laszewski, Gregor and Kesselman, Carl and Thiebaux, Marcus},
  journal={Computer},
  volume={32},
  number={12},
  pages={36--43},
  year={1999},
  publisher={IEEE}
}

@article{fayyad1996mining,
  title={Mining scientific data},
  author={Fayyad, Usama and Haussler, David and Stolorz, Paul},
  journal={Communications of the ACM},
  volume={39},
  number={11},
  pages={51--57},
  year={1996},
  publisher={ACM}
}

@incollection{beckmann2004runtime,
  title={Runtime code generation in C++ as a foundation for domain-specific optimisation},
  author={Beckmann, Olav and Houghton, Alastair and Mellor, Michael and Kelly, Paul HJ},
  booktitle={Domain-Specific Program Generation},
  pages={291--306},
  year={2004},
  publisher={Springer}
}

@inproceedings{chi2004software,
  title={A Software System to Support Earth Science Data Services},
  author={Chi, Yuechen and Yang, Ruixin and Kafatos, Menas},
  booktitle={20th International Conference on Interactive Information and Processing Systems},
  year={2004}
}

@inproceedings{jeannot2004two,
  title={Two fast and efficient message scheduling algorithms for data redistribution through a backbone},
  author={Jeannot, Emmanuel and Wagner, Fr{\'e}d{\'e}ric},
  booktitle={Parallel and Distributed Processing Symposium, 2004. Proceedings. 18th International},
  pages={3},
  year={2004},
  organization={IEEE}
}

@article{beckmann2000review,
  title={A review of data placement optimisation for data-parallel component composition},
  author={Beckmann, Olav and Kelly, Paul HJ},
  journal={CMPP},
  volume={2},
  pages={3--18},
  year={2000}
}

@inproceedings{nisar2008scaling,
  title={Scaling parallel I/O performance through I/O delegate and caching system},
  author={Nisar, Arifa and Liao, Wei-keng and Choudhary, Alok},
  booktitle={High Performance Computing, Networking, Storage and Analysis, 2008. SC 2008. International Conference for},
  pages={1--12},
  year={2008},
  organization={IEEE}
}

@article{yang2003distributed,
  title={A distributed enhanced server for multidimensional scientific data},
  author={Yang, Ruixin and Kafatos, Menas and Doty, Brian and Kinter III, James L and Pham, Long},
  journal={Computing in Science \& Engineering},
  volume={5},
  number={2},
  pages={44--52},
  year={2003},
  publisher={AIP Publishing}
}

@inproceedings{coti2006blocking,
  title={Blocking vs. non-blocking coordinated checkpointing for large-scale fault tolerant MPI},
  author={Coti, Camille and Herault, Thomas and Lemarinier, Pierre and Pilard, Laurence and Rezmerita, Ala and Rodriguez, Eric and Cappello, Franck},
  booktitle={Proceedings of the 2006 ACM/IEEE conference on Supercomputing},
  pages={127},
  year={2006},
  organization={ACM}
}

@inproceedings{van1994compiling,
  title={Compiling performance models from parallel programs},
  author={van Gemund, Arjan JC},
  booktitle={Proceedings of the 8th international conference on Supercomputing},
  pages={303--312},
  year={1994},
  organization={ACM}
}

@incollection{cohen2004messages,
  title={Messages scheduling for data redistribution between clusters},
  author={Cohen, Johanne and Jeannot, Emmanuel and Padoy, Nicolas},
  booktitle={Parallel Processing and Applied Mathematics},
  pages={896--906},
  year={2004},
  publisher={Springer}
}

@inproceedings{ebling1998importance,
  title={On the importance of translucence for mobile computing},
  author={Ebling, Maria R and Satyanarayanan, M},
  booktitle={Proceedings of First Workshop on Human-Computer Interaction for Mobile Devices},
  pages={69--72},
  year={1998}
}

@inproceedings{sur2006rdma,
  title={RDMA read based rendezvous protocol for MPI over InfiniBand: design alternatives and benefits},
  author={Sur, Sayantan and Jin, Hyun-Wook and Chai, Lei and Panda, Dhabaleswar K},
  booktitle={Proceedings of the eleventh ACM SIGPLAN symposium on Principles and practice of parallel programming},
  pages={32--39},
  year={2006},
  organization={ACM}
}

@inproceedings{oldfield2006lightweight,
  title={Lightweight I/O for scientific applications},
  author={Oldfield, Ron A and Ward, Lee and Riesen, Rolf and Maccabe, Arthur B and Widener, Patrick and Kordenbrock, Todd},
  booktitle={Cluster Computing, 2006 IEEE International Conference on},
  pages={1--11},
  year={2006},
  organization={IEEE}
}

@article{snavely2004performance,
  title={Performance modeling of HPC applications},
  author={Snavely, Allan and Gao, Xiaofeng and Lee, Cynthia and Carrington, Laura and Wolter, Nicole and Labarta, Jesus and Gimenez, Judit and Jones, Philip},
  journal={Advances in Parallel Computing},
  volume={13},
  pages={777--784},
  year={2004},
  publisher={Elsevier}
}

@article{behnke2000nasa,
  title={NASA workshop on issues in the application of data mining to scientific data},
  author={Behnke, Jeanne and Dobinson, Elaine R.},
  journal={SIGKDD Explorations},
  volume={2},
  number={1},
  pages={70--79},
  year={2000}
}

@inproceedings{seelam2007virtual,
  title={Virtual I/O scheduler: a scheduler of schedulers for performance virtualization},
  author={Seelam, Seetharami R and Teller, Patricia J},
  booktitle={Proceedings of the 3rd international conference on Virtual execution environments},
  pages={105--115},
  year={2007},
  organization={ACM}
}

@inproceedings{west1999scalable,
  title={Scalable scheduling support for loss and delay constrained media streams},
  author={West, Richard and Schwan, Karsten and Poellabuer, C},
  booktitle={Real-Time Technology and Applications Symposium, 1999. Proceedings of the Fifth IEEE},
  pages={24--33},
  year={1999},
  organization={IEEE}
}

@article{chervenak2003high,
  title={High-performance remote access to climate simulation data: a challenge problem for data grid technologies},
  author={Chervenak, Ann and Deelman, Ewa and Kesselman, Carl and Allcock, Bill and Foster, Ian and Nefedova, Veronika and Lee, Jason and Sim, Alex and Shoshani, Arie and Drach, Bob and others},
  journal={Parallel Computing},
  volume={29},
  number={10},
  pages={1335--1356},
  year={2003},
  publisher={Elsevier}
}

@book{feeley1995implementing,
  title={Implementing global memory management in a workstation cluster},
  author={Feeley, Michael J and Morgan, William E and Pighin, EP and Karlin, Anna R and Levy, Henry M and Thekkath, Chandramohan A},
  volume={29},
  number={5},
  year={1995},
  publisher={ACM}
}

@inproceedings{calderon2005fault,
  title={A fault tolerant MPI-IO implementation using the expand parallel file system},
  author={Calder{\'o}n, Alejandro and Garcia-Carballeira, F and Carretero, Jes{\'u}s and Perez, Jose Maria and S{\'a}nchez, Luis Miguel},
  booktitle={Parallel, Distributed and Network-Based Processing, 2005. PDP 2005. 13th Euromicro Conference on},
  pages={274--281},
  year={2005},
  organization={IEEE}
}

@article{chervenak2000data,
  title={The data grid: Towards an architecture for the distributed management and analysis of large scientific datasets},
  author={Chervenak, Ann and Foster, Ian and Kesselman, Carl and Salisbury, Charles and Tuecke, Steven},
  journal={Journal of network and computer applications},
  volume={23},
  number={3},
  pages={187--200},
  year={2000},
  publisher={Elsevier}
}

@article{hutchinson1991x,
  title={The x-kernel: An architecture for implementing network protocols},
  author={Hutchinson, Norman C and Peterson, Larry L},
  journal={Software Engineering, IEEE Transactions on},
  volume={17},
  number={1},
  pages={64--76},
  year={1991},
  publisher={IEEE}
}

@article{rantzau1998scalable,
  title={A scalable virtual environment for large scale scientific data analysis},
  author={Rantzau, Dirk and Lang, Ulrich},
  journal={Future Generation Computer Systems},
  volume={14},
  number={3},
  pages={215--222},
  year={1998},
  publisher={Elsevier}
}

@inproceedings{west1999dynamic,
  title={Dynamic window-constrained scheduling for multimedia applications},
  author={West, Richard and Schwan, Karsten},
  booktitle={Multimedia Computing and Systems, 1999. IEEE International Conference on},
  volume={2},
  pages={87--91},
  year={1999},
  organization={IEEE}
}

@inproceedings{carbin2013verifying,
  title={Verifying quantitative reliability for programs that execute on unreliable hardware},
  author={Carbin, Michael and Misailovic, Sasa and Rinard, Martin C},
  booktitle={Proceedings of the 2013 ACM SIGPLAN international conference on Object oriented programming systems languages \& applications},
  pages={33--52},
  year={2013},
  organization={ACM}
}

@inproceedings{zheng2010simulating,
  title={Simulating large scale parallel applications using statistical models for sequential execution blocks},
  author={Zheng, Gengbin and Gupta, Gagan and Bohm, Eric and Dooley, Isaac and Kale, Laxmikant V},
  booktitle={Parallel and Distributed Systems (ICPADS), 2010 IEEE 16th International Conference on},
  pages={221--228},
  year={2010},
  organization={IEEE}
}

@inproceedings{vishnu2010fault,
  title={Fault-tolerant communication runtime support for data-centric programming models},
  author={Vishnu, Abhinav and Van Dam, Huub and De Jong, Wibe and Balaji, Pavan and Song, Shuaiwen},
  booktitle={High Performance Computing (HiPC), 2010 International Conference on},
  pages={1--9},
  year={2010},
  organization={IEEE}
}

@inproceedings{zheng2012scalable,
  title={A scalable double in-memory checkpoint and restart scheme towards exascale},
  author={Zheng, Gengbin and Ni, Xiang and Kal{\'e}, Laxmikant V},
  booktitle={Dependable Systems and Networks Workshops (DSN-W), 2012 IEEE/IFIP 42nd International Conference on},
  pages={1--6},
  year={2012},
  organization={IEEE}
}

@inproceedings{fu2014sleep,
  title={Sleep-aware variable partitioning for energy-efficient hybrid PRAM and DRAM main memory},
  author={Fu, Chenchen and Zhao, Mengying and Xue, Chun Jason and Orailoglu, Alex},
  booktitle={Proceedings of the 2014 international symposium on Low power electronics and design},
  pages={75--80},
  year={2014},
  organization={ACM}
}

@article{wildani2012perses,
  title={PERSES: Data Layout for Low Impact Failures},
  author={Wildani, A and Miller, EL and Adams, IF and Long, DDE},
  journal={SSRC, UCSC, Tech. Rep},
  year={2012}
}

@article{carbin2011reasoning,
  title={Reasoning about relaxed programs},
  author={Carbin, Michael and Kim, Deokhwan and Misailovic, Sasa and Rinard, Martin C},
  year={2011}
}

@inproceedings{kutlu2012fault,
  title={Fault tolerant parallel data-intensive algorithms},
  author={Kutlu, Mucahid and Agrawal, Gagan and Kurt, Oguz},
  booktitle={High Performance Computing (HiPC), 2012 19th International Conference on},
  pages={1--10},
  year={2012},
  organization={IEEE}
}

@inproceedings{david2013everything,
  title={Everything you always wanted to know about synchronization but were afraid to ask},
  author={David, Tudor and Guerraoui, Rachid and Trigonakis, Vasileios},
  booktitle={Proceedings of the Twenty-Fourth ACM Symposium on Operating Systems Principles},
  pages={33--48},
  year={2013},
  organization={ACM}
}

@inproceedings{cappello2010communication,
  title={On communication determinism in parallel hpc applications},
  author={Cappello, Franck and Guermouche, Amina and Snir, Marc},
  booktitle={Computer Communications and Networks (ICCCN), 2010 Proceedings of 19th International Conference on},
  pages={1--8},
  year={2010},
  organization={IEEE}
}

@article{rafe2011style,
  title={Style-based modeling and verification of fault tolerance service oriented architectures},
  author={Rafe, Vahid and Mahdian, Farzaneh},
  journal={Procedia Computer Science},
  volume={3},
  pages={972--976},
  year={2011},
  publisher={Elsevier}
}

@article{lebeck2000power,
  title={Power aware page allocation},
  author={Lebeck, Alvin R and Fan, Xiaobo and Zeng, Heng and Ellis, Carla},
  journal={ACM SIGPLAN Notices},
  volume={35},
  number={11},
  pages={105--116},
  year={2000},
  publisher={ACM}
}

@inproceedings{samadi2014paraprox,
  title={Paraprox: pattern-based approximation for data parallel applications},
  author={Samadi, Mehrzad and Jamshidi, Davoud Anoushe and Lee, Janghaeng and Mahlke, Scott},
  booktitle={Proceedings of the 19th international conference on Architectural support for programming languages and operating systems},
  pages={35--50},
  year={2014},
  organization={ACM}
}

@inproceedings{varela2010fault,
  title={Fault-tolerance for exascale systems},
  author={Varela, Maria Ruiz and Ferreira, Kurt B and Riesen, Rolf},
  booktitle={Cluster Computing Workshops and Posters (CLUSTER WORKSHOPS), 2010 IEEE International Conference on},
  pages={1--4},
  year={2010},
  organization={IEEE}
}

@article{cappello2009toward,
  title={Toward exascale resilience},
  author={Cappello, Franck and Geist, Al and Gropp, Bill and Kale, Laxmikant and Kramer, Bill and Snir, Mark},
  journal={International Journal of High Performance Computing Applications},
  year={2009},
  publisher={SAGE Publications}
}

@article{liu2012flikker,
  title={Flikker: saving DRAM refresh-power through critical data partitioning},
  author={Liu, Song and Pattabiraman, Karthik and Moscibroda, Thomas and Zorn, Benjamin G},
  journal={ACM SIGPLAN Notices},
  volume={47},
  number={4},
  pages={213--224},
  year={2012},
  publisher={ACM}
}

@inproceedings{khan2012rethinking,
  title={Rethinking erasure codes for cloud file systems: minimizing I/O for recovery and degraded reads.},
  author={Khan, Osama and Burns, Randal C and Plank, James S and Pierce, William and Huang, Cheng},
  booktitle={FAST},
  pages={20},
  year={2012}
}

@incollection{crawl2008provenance,
  title={A provenance-based fault tolerance mechanism for scientific workflows},
  author={Crawl, Daniel and Altintas, Ilkay},
  booktitle={Provenance and Annotation of Data and Processes},
  pages={152--159},
  year={2008},
  publisher={Springer}
}

@inproceedings{ropars2013spbc,
  title={SPBC: leveraging the characteristics of MPI HPC applications for scalable checkpointing},
  author={Ropars, Thomas and Martsinkevich, Tatiana and Guermouche, Amina and Schiper, Andr{\'e} and Cappello, Franck},
  booktitle={International Conference for High Performance Computing, Networking, Storage and Analysis (SC" 13)},
  number={EPFL-CONF-189836},
  year={2013}
}

@article{singh2007predicting,
  title={Predicting parallel application performance via machine learning approaches},
  author={Singh, Karan and {\.I}pek, Engin and McKee, Sally A and de Supinski, Bronis R and Schulz, Martin and Caruana, Rich},
  journal={Concurrency and Computation: Practice and Experience},
  volume={19},
  number={17},
  pages={2219--2235},
  year={2007},
  publisher={Wiley Online Library}
}

@inproceedings{guermouche2011uncoordinated,
  title={Uncoordinated checkpointing without domino effect for send-deterministic mpi applications},
  author={Guermouche, Amina and Ropars, Thomas and Brunet, Elisabeth and Snir, Marc and Cappello, Franck},
  booktitle={Parallel \& Distributed Processing Symposium (IPDPS), 2011 IEEE International},
  pages={989--1000},
  year={2011},
  organization={IEEE}
}

@inproceedings{thereska2013ioflow,
  title={Ioflow: A software-defined storage architecture},
  author={Thereska, Eno and Ballani, Hitesh and O'Shea, Greg and Karagiannis, Thomas and Rowstron, Antony and Talpey, Tom and Black, Richard and Zhu, Timothy},
  booktitle={Proceedings of the Twenty-Fourth ACM Symposium on Operating Systems Principles},
  pages={182--196},
  year={2013},
  organization={ACM}
}

@article{shet2011strategies,
  title={Strategies for fault tolerance in multicomponent applications},
  author={Shet, Aniruddha G and Elwasif, Wael R and Foley, Samantha S and Park, Byung H and Bernholdt, David E and Bramley, Randall},
  journal={Procedia Computer Science},
  volume={4},
  pages={2287--2296},
  year={2011},
  publisher={Elsevier}
}

@inproceedings{guermouche2011uncoordinated,
  title={Uncoordinated checkpointing without domino effect for send-deterministic mpi applications},
  author={Guermouche, Amina and Ropars, Thomas and Brunet, Elisabeth and Snir, Marc and Cappello, Franck},
  booktitle={Parallel \& Distributed Processing Symposium (IPDPS), 2011 IEEE International},
  pages={989--1000},
  year={2011},
  organization={IEEE}
}

@inproceedings{kandaswamy2008fault,
  title={Fault tolerance and recovery of scientific workflows on computational grids},
  author={Kandaswamy, Gopi and Mandal, Anirban and Reed, Daniel A},
  booktitle={Cluster Computing and the Grid, 2008. CCGRID'08. 8th IEEE International Symposium on},
  pages={777--782},
  year={2008},
  organization={IEEE}
}

@article{bechhofer2013linked,
  title={Why linked data is not enough for scientists},
  author={Bechhofer, Sean and Buchan, Iain and De Roure, David and Missier, Paolo and Ainsworth, John and Bhagat, Jiten and Couch, Philip and Cruickshank, Don and Delderfield, Mark and Dunlop, Ian and others},
  journal={Future Generation Computer Systems},
  volume={29},
  number={2},
  pages={599--611},
  year={2013},
  publisher={Elsevier}
}

@article{mittal2012survey,
  title={A survey of architectural techniques for DRAM power management},
  author={Mittal, Sparsh},
  journal={International Journal of High Performance Systems Architecture},
  volume={4},
  number={2},
  pages={110--119},
  year={2012},
  publisher={Inderscience}
}

@article{fogaltransparent,
  title={Transparent in situ visualization via data interception},
  author={Fogal, Thomas and Proch, Fabian and Schiewe, Alexander and Hasemann, Olaf and Kempf, Andreas and Kr{\"u}ger, Jens}
}

@inproceedings{kim2011parallel,
  title={Parallel in situ indexing for data-intensive computing},
  author={Kim, Jinoh and Abbasi, Hasan and Chacon, Luis and Docan, Ciprian and Klasky, Scott and Liu, Qing and Podhorszki, Norbert and Shoshani, Arie and Wu, Kesheng},
  booktitle={Large Data Analysis and Visualization (LDAV), 2011 IEEE Symposium on},
  pages={65--72},
  year={2011},
  organization={IEEE}
}

@inproceedings{kanov2012data,
  title={Data-intensive spatial filtering in large numerical simulation datasets},
  author={Kanov, Kalin and Burns, Randal and Eyink, Greg and Meneveau, Charles and Szalay, Alexander},
  booktitle={Proceedings of the International Conference on High Performance Computing, Networking, Storage and Analysis},
  pages={60},
  year={2012},
  organization={IEEE Computer Society Press}
}

@article{bryant2011data,
  title={Data-intensive scalable computing for scientific applications},
  author={Bryant, Randal E},
  journal={Computing in Science \& Engineering},
  volume={13},
  number={6},
  pages={25--33},
  year={2011},
  publisher={AIP Publishing}
}

@misc{wheeler2011lessons,
  title={Lessons Learned From Developing A Streaming Data Framework for Scientific Analysis},
  author={Wheeler, Kevin R and Allan, Mark and Curry, Charles},
  year={2011}
}

@article{kim2014understanding,
  title={Understanding I/O workload characteristics of a Peta-scale storage system},
  author={Kim, Youngjae and Gunasekaran, Raghul},
  journal={The Journal of Supercomputing},
  pages={1--20},
  year={2014},
  publisher={Springer}
}

@inproceedings{dorier2014calciom,
  title={Calciom: Mitigating i/o interference in hpc systems through cross-application coordination},
  author={Dorier, Matthieu and Antoniu, Gabriel and Ross, Robert and Kimpe, Dries and Ibrahim, Shadi and others},
  booktitle={IPDPS-International Parallel and Distributed Processing Symposium},
  year={2014}
}

@inproceedings{kumar2010towards,
  title={Towards parallel access of multi-dimensional, multi-resolution scientific data},
  author={Kumar, Sidharth and Pascucci, Valerio and Vishwanath, Venkatram and Carns, Philip and Hereld, Mark and Latham, Robert and Peterka, Tom and Papka, Michael E and Ross, Robert},
  booktitle={Petascale Data Storage Workshop (PDSW), 2010 5th},
  pages={1--5},
  year={2010},
  organization={IEEE}
}

@inproceedings{kumar2014fast,
  title={Fast Multiresolution Reads of Massive Simulation Datasets},
  author={Kumar, Sidharth and Christensen, Cameron and Schmidt, John A and Bremer, Peer-Timo and Brugger, Eric and Vishwanath, Venkatram and Carns, Philip and Kolla, Hemanth and Grout, Ray and Chen, Jacqueline and others},
  booktitle={Supercomputing},
  pages={314--330},
  year={2014},
  organization={Springer}
}

@article{wangcontrolled,
  title={Controlled Contention: Balancing Contention and Reservation in Multicore Application Scheduling},
  author={Wang, Jingjing and Abu-Ghazaleh, Nael and Ponomarev, Dmitry}
}

@article{gainaru2014scheduling,
  title={Scheduling the I/O of HPC applications under congestion},
  author={Gainaru, Ana and Aupy, Guillaume and Benoit, Anne and Cappello, Franck and Robert, Yves and Snir, Marc and others},
  year={2014}
}

@inproceedings{yuan2010cost,
  title={A cost-effective strategy for intermediate data storage in scientific cloud workflow systems},
  author={Yuan, Dong and Yang, Yun and Liu, Xiao and Chen, Jinjun},
  booktitle={Parallel \& Distributed Processing (IPDPS), 2010 IEEE International Symposium on},
  pages={1--12},
  year={2010},
  organization={IEEE}
}

@article{kunkel2014exascale,
  title={Exascale Storage Systems--An Analytical Study of Expenses},
  author={Kunkel, Julian Martin and Kuhn, Michael and Ludwig, Thomas},
  journal={Supercomputing frontiers and innovations},
  volume={1},
  number={1},
  year={2014}
}

@inproceedings{kamath2013codes,
  title={Codes with local regeneration},
  author={Kamath, Govinda M and Prakash, N and Lalitha, V and Kumar, P Vijay},
  booktitle={Information Theory and Applications Workshop (ITA), 2013},
  pages={1--5},
  year={2013},
  organization={IEEE}
}

@inproceedings{baker2014methodology,
  title={A methodology for evaluating the impact of data compression on climate simulation data},
  author={Baker, Allison H and Xu, Haiying and Dennis, John M and Levy, Michael N and Nychka, Doug and Mickelson, Sheri A and Edwards, Jim and Vertenstein, Mariana and Wegener, Al},
  booktitle={Proceedings of the 23rd international symposium on High-performance parallel and distributed computing},
  pages={203--214},
  year={2014},
  organization={ACM}
}

@inproceedings{agelastos2014lightweight,
  title={The lightweight distributed metric service: a scalable infrastructure for continuous monitoring of large scale computing systems and applications},
  author={Agelastos, Anthony and Allan, Benjamin and Brandt, Jim and Cassella, Paul and Enos, Jeremy and Fullop, Joshi and Gentile, Ann and Monk, Steve and Naksinehaboon, Nichamon and Ogden, Jeff and others},
  booktitle={Proceedings of the International Conference for High Performance Computing, Networking, Storage and Analysis},
  pages={154--165},
  year={2014},
  organization={IEEE Press}
}

#

@article{beck2009fast,
  title={A fast iterative shrinkage-thresholding algorithm for linear inverse problems},
  author={Beck, Amir and Teboulle, Marc},
  journal={SIAM Journal on Imaging Sciences},
  volume={2},
  number={1},
  pages={183--202},
  year={2009},
  publisher={SIAM}
}

#

@article{kumar2004echoupals,
  title={eChoupals: A study on the financial sustainability of village internet centers in rural Madhya Pradesh},
  author={Kumar, Richa},
  journal={Information Technologies and International Development},
  volume={2},
  number={1},
  pages={45--74},
  year={2004},
  publisher={MIT Press}
}

@article{donner2004microentrepreneurs,
  title={Microentrepreneurs and mobiles: An exploration of the uses of mobile phones by small business owners in Rwanda},
  author={Donner, Jonathan},
  journal={Information Technologies and International Development},
  volume={2},
  number={1},
  pages={1--22},
  year={2004},
  publisher={MIT Press}
}

#

@article{bestwomen,
  title={Womenâ€™s Internet Use in Five South Indian Villages: Obstacles and Opportunities},
  author={Best, Michael L and Maier, Sylvia}
}

@inproceedings{parikh2003design,
  title={Design studies for a financial management system for micro-credit groups in rural india},
  author={Parikh, Tapan and Ghosh, Kaushik and Chavan, Apala},
  booktitle={ACM SIGCAPH Computers and the Physically Handicapped},
  number={73-74},
  pages={15--22},
  year={2003},
  organization={ACM}
}

#

@inproceedings{deelman2004pegasus
,	author	= {Deelman, Ewa and Blythe, James and Gil, Yolanda and Kesselman, Carl and Mehta, Gaurang and Patil, Sonal and Su, Mei-Hui and Vahi, Karan and Livny, Miron}
,	title	= {PROJECTING INDIAN VILLAGE AS ENTERPRISE UNIT: PERCEIVING AN ADOPTABLE INFORMATION COMMUNICATION TECHNOLOGY (ICT) MODEL}
,	booktitle	= {Grid Computing}
,	year	= {2004}
,	pages	= {11--20}
,	organization	= {Springer}
}

@inproceedings{vasudev2007post,
  title={The post consumptive residues of information and communication technologies-transnational e-waste flows and developmental dilemmas},
  author={Vasudev, Janani and Parthasarathy, Balaji},
  booktitle={Information and Communication Technologies and Development, 2007. ICTD 2007. International Conference on},
  pages={1--9},
  year={2007},
  organization={IEEE}
}

#

@inproceedings{kuriyan2007public,
  title={Public-private partnerships and information technologies for development in India},
  author={Kuriyan, Renee and Ray, Isha},
  booktitle={Information and Communication Technologies and Development, 2007. ICTD 2007. International Conference on},
  pages={1--11},
  year={2007},
  organization={IEEE}
}

@inproceedings{dayal2013containers,
  title={I/O Containers: Managing the Data Analytics and Visualization Pipelines of High End Codes.},
  author={Dayal, Jai and Cao, Jianting and Eisenhauer, Greg and Schwan, Karsten and Wolf, Matthew and Zheng, Fang and Abbasi, Hasan and Klasky, Scott and Podhorszki, Norbert and Lofstead, Jay F},
  booktitle={IPDPS Workshops},
  pages={2015--2024},
  year={2013}
}

@incollection{beckmann2004runtime,
  title={Runtime code generation in C++ as a foundation for domain-specific optimisation},
  author={Beckmann, Olav and Houghton, Alastair and Mellor, Michael and Kelly, Paul HJ},
  booktitle={Domain-Specific Program Generation},
  pages={291--306},
  year={2004},
  publisher={Springer}
}

@article{mccormick1987and,
  title={and Engineering Opportunities},
  author={McCormick, BH},
  journal={Computer Graphics},
  volume={21},
  pages={6},
  year={1987}
}

@article{hursey2010composable,
  title={A composable runtime recovery policy framework supporting resilient HPC applications},
  author={Hursey, Joshua and Lumsdaine, Andrew},
  journal={Indiana University, Bloomington, Indiana, USA, Tech. Rep. TR686},
  year={2010}
}

@inproceedings{raicu2008toward,
  title={Toward loosely coupled programming on petascale systems},
  author={Raicu, Ioan and Zhang, Zhao and Wilde, Mike and Foster, Ian and Beckman, Pete and Iskra, Kamil and Clifford, Ben},
  booktitle={Proceedings of the 2008 ACM/IEEE conference on Supercomputing},
  pages={22},
  year={2008},
  organization={IEEE Press}
}

@incollection{altintas2006provenance,
  title={Provenance collection support in the kepler scientific workflow system},
  author={Altintas, Ilkay and Barney, Oscar and Jaeger-Frank, Efrat},
  booktitle={Provenance and annotation of data},
  pages={118--132},
  year={2006},
  publisher={Springer}
}

@incollection{squyres2005component,
  title={The Component Architecture of Open MPI: Enabling Third-Party Collective Algorithms*},
  author={Squyres, Jeffrey M and Lumsdaine, Andrew},
  booktitle={Component Models and Systems for Grid Applications},
  pages={167--185},
  year={2005},
  publisher={Springer}
}

@techreport{boehm2014toward,
  title={Toward Improved Support for Loosely Coupled Large Scale Simulation Workflows},
  author={Boehm, Swen and Elwasif, Wael R and Naughton, Thomas and Vall{\'e}e, Geoffroy R},
  year={2014},
  institution={Oak Ridge National Laboratory (ORNL); Oak Ridge Leadership Computing Facility (OLCF)}
}

@article{saez2012leveraging,
  title={Leveraging core specialization via OS scheduling to improve performance on asymmetric multicore systems},
  author={Saez, Juan Carlos and Fedorova, Alexandra and Koufaty, David and Prieto, Manuel},
  journal={ACM Transactions on Computer Systems (TOCS)},
  volume={30},
  number={2},
  pages={6},
  year={2012},
  publisher={ACM}
}

@article{simmerman2013eden,
  title={Eden: Simplified Management of Atypical High-Performance Computing Jobs},
  author={Simmerman, Scott and Osborne, James and Huang, Jian},
  journal={Computing in Science \& Engineering},
  volume={15},
  number={6},
  pages={46--54},
  year={2013},
  publisher={AIP Publishing}
}

@inproceedings{brightwell2013hobbes,
  title={Hobbes: Composition and Virtualization as the Foundations of an Extreme-scale OS/R},
  author={Brightwell, Ron and Oldfield, Ron and Maccabe, Arthur B and Bernholdt, David E},
  booktitle={Proceedings of the 3rd International Workshop on Runtime and Operating Systems for Supercomputers},
  pages={2},
  year={2013},
  organization={ACM}
}

@inproceedings{lange2010palacios,
  title={Palacios and kitten: New high performance operating systems for scalable virtualized and native supercomputing},
  author={Lange, John and Pedretti, Kevin and Hudson, Trammell and Dinda, Peter and Cui, Zheng and Xia, Lei and Bridges, Patrick and Gocke, Andy and Jaconette, Steven and Levenhagen, Michael and others},
  booktitle={Parallel \& Distributed Processing (IPDPS), 2010 IEEE International Symposium on},
  pages={1--12},
  year={2010},
  organization={IEEE}
}

@article{chen2014performance,
  title={Performance model-directed data sieving for high-performance I/O},
  author={Chen, Yong and Lu, Yin and Amritkar, Prathamesh and Thakur, Rajeev and Zhuang, Yu},
  journal={The Journal of Supercomputing},
  pages={1--25},
  year={2014},
  publisher={Springer}
}

@inproceedings{wu2014commgram,
  title={CommGram: a new visual analytics tool for large communication trace data},
  author={Wu, Jieting and Zeng, Jianping and Yu, Hongfeng and Kenny, Joseph P},
  booktitle={Proceedings of the First Workshop on Visual Performance Analysis},
  pages={28--35},
  year={2014},
  organization={IEEE Press}
}

@article{lasluisa2014situ,
  title={In-situ feature-based objects tracking for data-intensive scientific and enterprise analytics workflows},
  author={Lasluisa, Solomon and Zhang, Fan and Jin, Tong and Rodero, Ivan and Bui, Hoang and Parashar, Manish},
  journal={Cluster Computing},
  pages={1--12},
  year={2014},
  publisher={Springer}
}

@inproceedings{brandt2014demonstrating,
  title={Demonstrating Improved Application Performance Using Dynamic Monitoring and Task Mapping},
  author={Brandt, J and Devine, K and Gentile, A and Pedretti, K},
  booktitle={Proc. IEEE Cluster, 1st Workshop on Monitoring and Analysis for High Performance Computing Systems Plus Applications (HPCMASPA 2014). IEEE},
  year={2014}
}

@article{teodoro2014region,
  title={Region Templates: Data Representation and Management for High-Throughput Image Analysis},
  author={Teodoro, George and Pan, Tony and Kurc, Tahsin and Kong, Jun and Cooper, Lee and Klasky, Scott and Saltz, Joel},
  journal={Parallel Computing},
  year={2014},
  publisher={Elsevier}
}

@article{lofsteadposter,
  title={POSTER: An Innovative Storage Stack Addressing Extreme Scale Platforms and Big Data Applications},
  author={Lofstead, Jay and Jimenez, Ivo and Maltzahn, Carlos and Koziol, Quincey and Bent, John and Barton, Eric}
}

@incollection{bennett2014large,
  title={Large Scale Data Analysis},
  author={Bennett, Janine and Gyulassy, Attila and Pascucci, Valerio and Bremer, Peer-Timo},
  booktitle={Scientific Visualization},
  pages={339--351},
  year={2014},
  publisher={Springer}
}

@article{docan2014activespaces,
  title={ActiveSpaces: Exploring dynamic code deployment for extreme scale data processing},
  author={Docan, Ciprian and Zhang, Fan and Jin, Tong and Bui, Hoang and Sun, Qian and Cummings, Julian and Podhorszki, Norbert and Klasky, Scott and Parashar, Manish},
  journal={Concurrency and Computation: Practice and Experience},
  year={2014},
  publisher={Wiley Online Library}
}

@incollection{tang2014improving,
  title={Improving Read Performance with Online Access Pattern Analysis and Prefetching},
  author={Tang, Houjun and Zou, Xiaocheng and Jenkins, John and Boyuka II, David A and Ranshous, Stephen and Kimpe, Dries and Klasky, Scott and Samatova, Nagiza F},
  booktitle={Euro-Par 2014 Parallel Processing},
  pages={246--257},
  year={2014},
  publisher={Springer}
}

@article{schendel2014preconditioner,
  title={Preconditioner-based In Situ Data Reduction for End-to-End Throughput Optimization.},
  author={Schendel, Eric Richard},
  year={2014}
}

@article{mattosoexperiences,
  title={Experiences in using provenance to optimize the parallel execution of scientific workflows steered by users},
  author={Mattoso, Marta and Dias, Jonas and Costa, Flavio and de Oliveira, Daniel and Ogasawara, Eduardo}
}

@inproceedings{costa2013capturing,
  title={Capturing and querying workflow runtime provenance with prov: a practical approach},
  author={Costa, Flavio and Silva, V{\'\i}tor and de Oliveira, Daniel and Oca{\~n}a, Kary and Ogasawara, Eduardo and Dias, Jonas and Mattoso, Marta},
  booktitle={Proceedings of the Joint EDBT/ICDT 2013 Workshops},
  pages={282--289},
  year={2013},
  organization={ACM}
}

@inproceedings{gamell2014exploring,
  title={Exploring automatic, online failure recovery for scientific applications at extreme scales},
  author={Gamell, Marc and Katz, Daniel S and Kolla, Hemanth and Chen, Jacqueline and Klasky, Scott and Parashar, Manish},
  booktitle={Proceedings of the International Conference for High Performance Computing, Networking, Storage and Analysis},
  pages={895--906},
  year={2014},
  organization={IEEE Press}
}

@article{kreaseck2006interference,
  title={Interference-aware scheduling},
  author={Kreaseck, Barbara and Carter, Larry and Casanova, Henri and Ferrante, Jeanne and Nandy, Sagnik},
  journal={International Journal of High Performance Computing Applications},
  volume={20},
  number={1},
  pages={45--59},
  year={2006},
  publisher={SAGE Publications}
}

@inproceedings{dayal2013containers,
  title={I/O Containers: Managing the Data Analytics and Visualization Pipelines of High End Codes.},
  author={Dayal, Jai and Cao, Jianting and Eisenhauer, Greg and Schwan, Karsten and Wolf, Matthew and Zheng, Fang and Abbasi, Hasan and Klasky, Scott and Podhorszki, Norbert and Lofstead, Jay F},
  booktitle={IPDPS Workshops},
  pages={2015--2024},
  year={2013}
}

@inproceedings{zhang2014active,
  title={Active workflow system for near real-time extreme-scale science},
  author={Zhang, Yanwei and Liu, Qing and Klasky, Scott and Wolf, Matthew and Schwan, Karsten and Eisenhauer, Greg and Choi, Jong and Podhorszki, Norbert},
  booktitle={Proceedings of the first workshop on Parallel programming for analytics applications},
  pages={53--62},
  year={2014},
  organization={ACM}
}

@inproceedings{lofstead2014efficient,
  title={Efficient, failure resilient transactions for parallel and distributed computing},
  author={Lofstead, Jay and Dayal, Jai and Jimenez, Ivo and Maltzahn, Carlos},
  booktitle={Proceedings of the 2014 International Workshop on Data Intensive Scalable Computing Systems},
  pages={17--24},
  year={2014},
  organization={IEEE Press}
}

@inproceedings{lofstead2013efficient,
  title={Efficient transactions for parallel data movement},
  author={Lofstead, Jay and Dayal, Jai and Jimenez, Ivo and Maltzahn, Carlos},
  booktitle={Proceedings of the 8th Parallel Data Storage Workshop},
  pages={1--6},
  year={2013},
  organization={ACM}
}

@inproceedings{gutierrez2012performance,
  title={Performance evaluation of open MPI on Cray XE/XK systems},
  author={Gutierrez, Samuel K and Hjelm, Nathan T and Venkata, Manjunath Gorentla and Graham, Richard L},
  booktitle={High-Performance Interconnects (HOTI), 2012 IEEE 20th Annual Symposium on},
  pages={40--47},
  year={2012},
  organization={IEEE}
}

@inproceedings{wang2005design,
  title={Design of a next generation sampling service for large scale data analysis applications},
  author={Wang, Huai and Parthasarathy, Srinivasan and Ghoting, Amol and Tatikonda, Shirish and Buehrer, Gregory and Kurc, T and Saltz, J},
  booktitle={Proceedings of the 19th annual international conference on Supercomputing},
  pages={91--100},
  year={2005},
  organization={ACM}
}

@inproceedings{borrill2007investigation,
  title={Investigation of leading HPC I/O performance using a scientific-application derived benchmark},
  author={Borrill, Julian and Oliker, Leonid and Shalf, John and Shan, Hongzhang},
  booktitle={Supercomputing, 2007. SC'07. Proceedings of the 2007 ACM/IEEE Conference on},
  pages={1--12},
  year={2007},
  organization={IEEE}
}

@inproceedings{xiao2012co,
  title={Co-located Compute and Binary File Storage in Data-intensive Computing},
  author={Xiao, Qiangju and Shang, Pengju and Wang, Jun},
  booktitle={Networking, Architecture and Storage (NAS), 2012 IEEE 7th International Conference on},
  pages={199--206},
  year={2012},
  organization={IEEE}
}

@inproceedings{zheng2013flexio,
  title={FlexIO: Location-flexible Execution of In Situ Data Analytics for Large Scale Scientific Applications},
  author={Zheng, Fang and Zou, Hongbo and Cao, J and Dayal, J and Nugye, T and Eisenhauer, G and Klasky, S},
  booktitle={Proc. IEEE International Parallel and Distributed Processing Symp (IPDPSâ€™13)},
  pages={320--331},
  year={2013}
}

@article{chandrasekaran2003performance,
  title={Performance analysis and simulation of composite web services},
  author={Chandrasekaran, Senthilanand and Miller, John A and Silver, Gregory S and Arpinar, Budak and Sheth, Amit P},
  journal={Electronic Markets},
  volume={13},
  number={2},
  pages={120--132},
  year={2003},
  publisher={Taylor \& Francis}
}

@inproceedings{sato2012design,
  title={Design and modeling of a non-blocking checkpointing system},
  author={Sato, Kento and Maruyama, Naoya and Mohror, Kathryn and Moody, Adam and Gamblin, Todd and de Supinski, Bronis R and Matsuoka, Satoshi},
  booktitle={Proceedings of the International Conference on High Performance Computing, Networking, Storage and Analysis},
  pages={19},
  year={2012},
  organization={IEEE Computer Society Press}
}

@incollection{soumagne2010hdf5,
  title={An HDF5 MPI virtual file driver for parallel in-situ post-processing},
  author={Soumagne, Jerome and Biddiscombe, John and Clarke, Jerry},
  booktitle={Recent Advances in the Message Passing Interface},
  pages={62--71},
  year={2010},
  publisher={Springer}
}

@inproceedings{nguyen2013resource,
  title={Resource Provisioning for Staging Components},
  author={Nguyen, Tuan Anh and Eisenhauer, Greg and Schwan, Karsten and Wolf, Matthew and Abbasi, Hasan and Klasky, Scott and Podhorszki, Norbert},
  booktitle={Proceedings of the 2013 IEEE 27th International Symposium on Parallel and Distributed Processing Workshops and PhD Forum},
  pages={1947--1953},
  year={2013},
  organization={IEEE Computer Society}
}

@inproceedings{kuo2014file
,	title	= {How File Access Patterns Influence Interference Among Cluster Applications}
,	author	= {Kuo, Chih-Song and Shah, Aamer and Nomura, Akihiro and Matsouka, S and Wolf, Felix}
,	booktitle	= {IEEE International Conference on Cluster Computing (CLUSTER)}
,	pages	= {1--8}
,	year	= {2014}
}

@article{abbasi2010datastager,
  title={Datastager: scalable data staging services for petascale applications},
  author={Abbasi, Hasan and Wolf, Matthew and Eisenhauer, Greg and Klasky, Scott and Schwan, Karsten and Zheng, Fang},
  journal={Cluster Computing},
  volume={13},
  number={3},
  pages={277--290},
  year={2010},
  publisher={Springer}
}

@inproceedings{fu2010scalable,
  title={Scalable parallel I/O alternatives for massively parallel partitioned solver systems},
  author={Fu, Jing and Liu, Ning and Sahni, Onkar and Jansen, Kenneth E and Shephard, Mark S and Carothers, Christopher D},
  booktitle={Parallel \& Distributed Processing, Workshops and Phd Forum (IPDPSW), 2010 IEEE International Symposium on},
  pages={1--8},
  year={2010},
  organization={IEEE}
}

@inproceedings{fu2012threads,
  title={I/O threads to reduce checkpoint blocking for an electromagnetics solver on Blue Gene/P and Cray XK6},
  author={Fu, Jing and Latham, Robert and Min, Misun and Carothers, Christopher D},
  booktitle={Proceedings of the 2nd International Workshop on Runtime and Operating Systems for Supercomputers},
  pages={2},
  year={2012},
  organization={ACM}
}

@inproceedings{shan2008characterizing,
  title={Characterizing and predicting the I/O performance of HPC applications using a parameterized synthetic benchmark},
  author={Shan, Hongzhang and Antypas, Katie and Shalf, John},
  booktitle={Proceedings of the 2008 ACM/IEEE conference on Supercomputing},
  pages={42},
  year={2008},
  organization={IEEE Press}
}

@article{li2004performance,
  title={Performance modeling and analysis of workflow},
  author={Li, JianQiang and Fan, YuShun and Zhou, MengChu},
  journal={Systems, Man and Cybernetics, Part A: Systems and Humans, IEEE Transactions on},
  volume={34},
  number={2},
  pages={229--242},
  year={2004},
  publisher={IEEE}
}

@inproceedings{gorton2008medici,
  title={The medici integration framework: A platform for high performance data streaming applications},
  author={Gorton, Ian and Wynne, Adam and Almquist, Justin and Chatterton, Jack},
  booktitle={Software Architecture, 2008. WICSA 2008. Seventh Working IEEE/IFIP Conference on},
  pages={95--104},
  year={2008},
  organization={IEEE}
}

@article{blagodurov2010contention,
  title={Contention-aware scheduling on multicore systems},
  author={Blagodurov, Sergey and Zhuravlev, Sergey and Fedorova, Alexandra},
  journal={ACM Transactions on Computer Systems (TOCS)},
  volume={28},
  number={4},
  pages={8},
  year={2010},
  publisher={ACM}
}

@article{thotatools,
  title={Tools to Execute An Ensemble of Serial Jobs on a Cray},
  author={Thota, Abhinav and Michael, Scott and Xu, Sen and Doak, Thomas G and Henschel, Robert}
}

@incollection{castain2005open,
  title={The open run-time environment (openrte): A transparent multi-cluster environment for high-performance computing},
  author={Castain, Ralph H and Woodall, Timothy S and Daniel, David J and Squyres, Jeffrey M and Barrett, Brian and Fagg, Graham E},
  booktitle={Recent Advances in Parallel Virtual Machine and Message Passing Interface},
  pages={225--232},
  year={2005},
  publisher={Springer}
}

@inproceedings{lottiaux2001containers,
  title={Containers: A sound basis for a true single system image},
  author={Lottiaux, Renaud and Morin, Christine},
  booktitle={Cluster Computing and the Grid, 2001. Proceedings. First IEEE/ACM International Symposium on},
  pages={66--73},
  year={2001},
  organization={IEEE}
}

@article{2014Patent
,	title	= {Patent US20120198442 - Virtual Container - Google Patents}
,	year	= {2014}
}

@article{vaughan2006new,
  title={New approach to virtualization is a lightweight},
  author={Vaughan-Nichols, Steven J},
  journal={Computer},
  volume={39},
  number={11},
  pages={12--14},
  year={2006},
  publisher={IEEE}
}

@article{waltersgpu,
  title={GPU Passthrough Performance: A Comparison of KVM, Xen, VMWare ESXi, and LXC for CUDA and OpenCL Applications},
  author={Walters, John Paul and Younge, Andrew J and Kang, Dong-In and Yao, Ke-Thia and Kang, Mikyung and Crago, Stephen P and Fox, Geoffrey C}
}

@inproceedings{bustos2014boxing,
  title={Boxing experience: Measuring QoS and QoE of multimedia streaming using NS3, LXC and VLC},
  author={Bustos-Jim{\'e}nez, Javier and Alonso, Rodrigo and Fa{\'u}ndez, Camila and M{\'e}ric, Hugo},
  booktitle={Local Computer Networks Workshops (LCN Workshops), 2014 IEEE 39th Conference on},
  pages={658--662},
  year={2014},
  organization={IEEE}
}

@inproceedings{bardac2010scaling,
  title={Scaling Peer-to-Peer Testing using Linux Containers},
  author={Bardac, Mircea and Deaconescu, Razvan and Florea, Adina Magda},
  booktitle={Roedunet International Conference (RoEduNet), 2010 9th},
  pages={287--292},
  year={2010},
  organization={IEEE}
}

@inproceedings{hindman2011mesos,
  title={Mesos: A Platform for Fine-Grained Resource Sharing in the Data Center.},
  author={Hindman, Benjamin and Konwinski, Andy and Zaharia, Matei and Ghodsi, Ali and Joseph, Anthony D and Katz, Randy H and Shenker, Scott and Stoica, Ion},
  booktitle={NSDI},
  volume={11},
  pages={22--22},
  year={2011}
}

@inproceedings{nussbaum2009linux,
  title={Linux-based virtualization for HPC clusters},
  author={Nussbaum, Lucas and Anhalt, Fabienne and Mornard, Olivier and Gelas, Jean-Patrick and others},
  booktitle={Montreal Linux Symposium},
  year={2009}
}

@inproceedings{hunziker2013rapyuta,
  title={Rapyuta: The roboearth cloud engine},
  author={Hunziker, Dominique and Gajamohan, Mohanarajah and Waibel, Markus and D'Andrea, Raffaello},
  booktitle={Robotics and Automation (ICRA), 2013 IEEE International Conference on},
  pages={438--444},
  year={2013},
  organization={IEEE}
}

@article{deelman2005pegasus,
  title={Pegasus: A framework for mapping complex scientific workflows onto distributed systems},
  author={Deelman, Ewa and Singh, Gurmeet and Su, Mei-Hui and Blythe, James and Gil, Yolanda and Kesselman, Carl and Mehta, Gaurang and Vahi, Karan and Berriman, G Bruce and Good, John and others},
  journal={Scientific Programming},
  volume={13},
  number={3},
  pages={219--237},
  year={2005},
  publisher={IOS Press}
}

@misc{zhang2014method,
  title={Method and System for Starting Application Program in Linux Container},
  author={Zhang, Honghui},
  year={2014},
  month=apr # "~22",
  publisher={Google Patents},
  note={US Patent App. 14/258,168}
}

@inproceedings{mirkin2008containers,
  title={Containers checkpointing and live migration},
  author={Mirkin, Andrey and Kuznetsov, Alexey and Kolyshkin, Kir},
  booktitle={Proceedings of the Linux Symposium},
  pages={85--92},
  year={2008}
}

@article{boettiger2014introduction,
  title={An introduction to Docker for reproducible research, with examples from the R environment},
  author={Boettiger, Carl},
  journal={arXiv preprint arXiv:1410.0846},
  year={2014}
}

@article{co2006extending,
  title={Extending green practices across the supply chain: the impact of upstream and downstream integration},
  author={Co-Editors: Benn Lawson, Paul D Cousins and Squire, Brian and Vachon, Stephan and Klassen, Robert D},
  journal={International Journal of Operations \& Production Management},
  volume={26},
  number={7},
  pages={795--821},
  year={2006},
  publisher={Emerald Group Publishing Limited}
}

@article{felter28updated,
  title={An Updated Performance Comparison of Virtual Machines and Linux Containers},
  author={Felter, Wes and Ferreira, Alexandre and Rajamony, Ram and Rubio, Juan},
  journal={technology},
  volume={28},
  pages={32}
}

@unpublished{tuan2012
,	author	= {Nguyen, Tuan Anh and Hasan Abbasi and Fang Zheng and Matthew Wolf and Karsten Schwan}
,	title	= {COMMUNICATION OPTIMIZATION FOR IO STAGING}
,	note	= {unpublished draft from tuan}
,	year	= {2012}
}

@article{William2001Parallel
,	title	= {Parallel File System and Application I/O Modeling}
,	author	= {William M. Jones}
,	year	= {2001}
}

#

#

@article{anthony2006flexible,
  title={Flexible self-adjustment of task deployment in dynamic environments},
  author={Anthony, Richard John},
  journal={Multiagent and Grid Systems},
  volume={2},
  number={1},
  pages={61--87},
  year={2006},
  publisher={IOS Press}
}

#

@article{schmidt2010vapp,
  title={vApp: a standards-based container for cloud providers},
  author={Schmidt, Ren{\'e} W and Grarup, Steffen},
  journal={ACM SIGOPS Operating Systems Review},
  volume={44},
  number={4},
  pages={115--123},
  year={2010},
  publisher={ACM}
}

@inproceedings{prabhakar2011provisioning,
  title={Provisioning a multi-tiered data staging area for extreme-scale machines},
  author={Prabhakar, Ramya and Vazhkudai, Sudharshan S and Kim, Youngjae and Butt, Ali Raza and Li, Min and Kandemir, Mahmut},
  booktitle={Distributed Computing Systems (ICDCS), 2011 31st International Conference on},
  pages={1--12},
  year={2011},
  organization={IEEE}
}

@article{dandamudi1999reducing,
  title={Reducing hot-spot contention in shared-memory multiprocessor systems},
  author={Dandamudi, Sivarama P},
  journal={IEEE concurrency},
  volume={7},
  number={1},
  pages={48--59},
  year={1999},
  publisher={IEEE Computer Society}
}

@inproceedings{biddiscombe2011parallel,
  title={Parallel computational steering and analysis for hpc applications using a paraview interface and the hdf5 dsm virtual file driver},
  author={Biddiscombe, John and Soumagne, Jerome and Oger, Guillaume and Guibert, David and Piccinali, Jean-Guillaume},
  booktitle={Proceedings of the 11th Eurographics conference on Parallel Graphics and Visualization},
  pages={91--100},
  year={2011},
  organization={Eurographics Association}
}

@article{labrinidis2012challenges,
  title={Challenges and opportunities with big data},
  author={Labrinidis, Alexandros and Jagadish, HV},
  journal={Proceedings of the VLDB Endowment},
  volume={5},
  number={12},
  pages={2032--2033},
  year={2012},
  publisher={VLDB Endowment}
}

@inproceedings{kumar2014efficient,
  title={Efficient I/O and storage of adaptive-resolution data},
  author={Kumar, Sidharth and Edwards, John and Bremer, Peer-Timo and Knoll, Aaron and Christensen, Cameron and Vishwanath, Venkatram and Carns, Philip and Schmidt, John A and Pascucci, Valerio},
  booktitle={Proceedings of the International Conference for High Performance Computing, Networking, Storage and Analysis},
  pages={413--423},
  year={2014},
  organization={IEEE Press}
}

@article{oldfield2012trilinos,
  title={Trilinos i/o support (trios)},
  author={Oldfield, Ron A and Sjaardema, Gregory D and Lofstead II, Gerald F and Kordenbrock, Todd},
  journal={Scientific Programming},
  volume={20},
  number={2},
  pages={181--196},
  year={2012},
  publisher={IOS Press}
}

@inproceedings{dayal2013containers,
  title={I/O Containers: Managing the Data Analytics and Visualization Pipelines of High End Codes.},
  author={Dayal, Jai and Cao, Jianting and Eisenhauer, Greg and Schwan, Karsten and Wolf, Matthew and Zheng, Fang and Abbasi, Hasan and Klasky, Scott and Podhorszki, Norbert and Lofstead, Jay F},
  booktitle={IPDPS Workshops},
  pages={2015--2024},
  year={2013}
}

@inproceedings{biederman2006multiple,
  title={Multiple instances of the global linux namespaces},
  author={Biederman, Eric and Networx, Linux},
  booktitle={Proceedings of the Linux Symposium},
  year={2006},
  organization={Citeseer}
}

@inproceedings{xavier2013performance,
  title={Performance evaluation of container-based virtualization for high performance computing environments},
  author={Xavier, Miguel G and Neves, Marcelo Veiga and Rossi, Fabio D and Ferreto, Tiago C and Lange, Timoteo and De Rose, Cesar AF},
  booktitle={Parallel, Distributed and Network-Based Processing (PDP), 2013 21st Euromicro International Conference on},
  pages={233--240},
  year={2013},
  organization={IEEE}
}

@inproceedings{che2010synthetical,
  title={A synthetical performance evaluation of openvz, xen and kvm},
  author={Che, Jianhua and Yu, Yong and Shi, Congcong and Lin, Weimin},
  booktitle={Services Computing Conference (APSCC), 2010 IEEE Asia-Pacific},
  pages={587--594},
  year={2010},
  organization={IEEE}
}

#

@article{scheepers2014virtualization,
  title={Virtualization and Containerization of Application Infrastructure: A Comparison},
  author={Scheepers, Mathijs Jeroen},
  year={2014}
}

@inproceedings{costache2014software,
  title={Software-defined networking of Linux containers},
  author={Costache, Cosmin and Machidon, Octavian and Mladin, Adrian and Sandu, Florin and Bocu, Razvan},
  booktitle={RoEduNet Conference 13th Edition: Networking in Education and Research Joint Event RENAM 8th Conference, 2014},
  pages={1--4},
  year={2014},
  organization={IEEE}
}

@article{jain2013network,
  title={Network virtualization and software defined networking for cloud computing: a survey},
  author={Jain, Raj and Paul, Subharthi},
  journal={Communications Magazine, IEEE},
  volume={51},
  number={11},
  pages={24--31},
  year={2013},
  publisher={IEEE}
}

@article{kunkel2014monitoring,
  title={Monitoring energy consumption with SIOX},
  author={Kunkel, Julian M and Aguilera, Alvaro and H{\"u}bbe, Nathanael and Wiedemann, Marc and Zimmer, Michaela},
  journal={Computer Science-Research and Development},
  pages={1--9},
  year={2014},
  publisher={Springer}
}

@inproceedings{hackenberg2013power,
  title={Power measurement techniques on standard compute nodes: A quantitative comparison},
  author={Hackenberg, Daniel and Ilsche, Thomas and Schone, Robert and Molka, Daniel and Schmidt, Maik and Nagel, Wolfgang E},
  booktitle={Performance Analysis of Systems and Software (ISPASS), 2013 IEEE International Symposium on},
  pages={194--204},
  year={2013},
  organization={IEEE}
}

@inproceedings{moody2010design,
  title={Design, modeling, and evaluation of a scalable multi-level checkpointing system},
  author={Moody, Adam and Bronevetsky, Greg and Mohror, Kathryn and De Supinski, Bronis R},
  booktitle={High Performance Computing, Networking, Storage and Analysis (SC), 2010 International Conference for},
  pages={1--11},
  year={2010},
  organization={IEEE}
}

@article{betz2014investigation,
  title={An investigation of the effects of hard and soft errors on graphics processing unit-accelerated molecular dynamics simulations},
  author={Betz, Robin M and DeBardeleben, Nathan A and Walker, Ross C},
  journal={Concurrency and Computation: Practice and Experience},
  year={2014},
  publisher={Wiley Online Library}
}

@inproceedings{ang2014abstract,
  title={Abstract machine models and proxy architectures for exascale computing},
  author={Ang, JA and Barrett, RF and Benner, RE and Burke, D and Chan, C and Cook, J and Donofrio, D and Hammond, SD and Hemmert, KS and Kelly, SM and others},
  booktitle={Proceedings of the 1st International Workshop on Hardware-Software Co-Design for High Performance Computing},
  pages={25--32},
  year={2014},
  organization={IEEE Press}
}

@techreport{lofstead2014consistency,
  title={Consistency and Fault Tolerance Considerations for the Next Iteration of the DOE Fast Forward Storage and IO Project.},
  author={Lofstead, Gerald Fredrick and Jimenez, Ivo and Maltzahn, Carlos},
  year={2014},
  institution={Sandia National Laboratories (SNL-NM), Albuquerque, NM (United States)}
}

@article{vishnuscalable,
  title={Scalable Fault Tolerance Using Over-Decomposition and PGAS Models},
  author={Vishnu, Abhinav and van Dam, Hubertus and de Jong, Wibe}
}

@inproceedings{wheeler2008qthreads,
  title={Qthreads: An API for programming with millions of lightweight threads},
  author={Wheeler, Kyle B and Murphy, Richard C and Thain, Douglas},
  booktitle={Parallel and Distributed Processing, 2008. IPDPS 2008. IEEE International Symposium on},
  pages={1--8},
  year={2008},
  organization={IEEE}
}

@article{benson2014silent,
  title={Silent error detection in numerical time-stepping schemes},
  author={Benson, Austin R and Schmit, Sven and Schreiber, Robert},
  journal={International Journal of High Performance Computing Applications},
  pages={1094342014532297},
  year={2014},
  publisher={SAGE Publications}
}

@article{liubpar,
  title={BPAR: A Bundle-Based Parallel Aggregation Framework for Decoupled I/O Execution},
  author={Liu, Teng Wang Kevin Vasko Zhuo and Yu, Hui Chen Weikuan}
}

#

@inproceedings{zheng2014batchfs,
  title={BatchFS: scaling the file system control plane with client-funded metadata servers},
  author={Zheng, Qing and Ren, Kai and Gibson, Garth},
  booktitle={Proceedings of the 9th Parallel Data Storage Workshop},
  pages={1--6},
  year={2014},
  organization={IEEE Press}
}

@inproceedings{dorier2014omnisc,
  title={Omnisc'IO: a grammar-based approach to spatial and temporal I/O patterns prediction},
  author={Dorier, Matthieu and Ibrahim, Shadi and Antoniu, Gabriel and Ross, Robert and others},
  booktitle={SC'14-International Conference for High Performance Computing, Networking, Storage and Analysis},
  year={2014}
}

@article{plale1998interactive,
  title={From interactive applications to distributed laboratories},
  author={Plale, Beth and Eisenhauer, Greg and Schwan, Karsten and Heiner, Jeremy and Martin, Vernard and Vetter, Jeffrey},
  journal={IEEE concurrency},
  volume={6},
  number={2},
  pages={78--90},
  year={1998},
  publisher={IEEE Computer Society}
}

@inproceedings{wu2011scientific,
  title={Scientific Data Services: A high-performance I/O system with array semantics},
  author={Wu, Kesheng and Byna, Surendra and Rotem, Doron and Shoshani, Arie},
  booktitle={Proceedings of the first annual workshop on High performance computing meets databases},
  pages={9--12},
  year={2011},
  organization={ACM}
}

@inproceedings{gerlach2014skyport,
  title={Skyport: container-based execution environment management for multi-cloud scientific workflows},
  author={Gerlach, Wolfgang and Tang, Wei and Keegan, Kevin and Harrison, Travis and Wilke, Andreas and Bischof, Jared and D'Souza, Mark and Devoid, Scott and Murphy-Olson, Daniel and Desai, Narayan and others},
  booktitle={Proceedings of the 5th International Workshop on Data-Intensive Computing in the Clouds},
  pages={25--32},
  year={2014},
  organization={IEEE Press}
}

@inproceedings{sun2009data,
  title={Data layout optimization for petascale file systems},
  author={Sun, Xian-He and Chen, Yong and Yin, Yanlong},
  booktitle={Proceedings of the 4th Annual Workshop on Petascale Data Storage},
  pages={11--15},
  year={2009},
  organization={ACM}
}

@book{brown2006case,
  title={A case study on the use of workflow technologies for scientific analysis: Gravitational wave data analysis},
  author={Brown, Duncan A and Brady, Patrick R and Dietz, Alexander and Cao, Junwei and Johnson, Ben and McNabb, John},
  year={2006},
  publisher={Springer}
}

@article{ding2013compiler,
  title={Compiler-directed file layout optimization for hierarchical storage systems},
  author={Ding, Wei and Zhang, Yuanrui and Kandemir, Mahmut and Son, Seung Woo},
  journal={Scientific Programming},
  volume={21},
  number={3},
  pages={65--78},
  year={2013},
  publisher={IOS Press}
}

@inproceedings{liu2012role,
  title={On the role of burst buffers in leadership-class storage systems},
  author={Liu, Ning and Cope, Jason and Carns, Philip and Carothers, Christopher and Ross, Robert and Grider, Gary and Crume, Adam and Maltzahn, Carlos},
  booktitle={Mass Storage Systems and Technologies (MSST), 2012 IEEE 28th Symposium on},
  pages={1--11},
  year={2012},
  organization={IEEE}
}

@inproceedings{silva2014exploratory,
  title={Exploratory Analysis of Raw Data Files through Dataflows},
  author={Silva, Vitor and Oliveira, Daniel de and Mattoso, Marta},
  booktitle={Computer Architecture and High Performance Computing Workshop (SBAC-PADW), 2014 International Symposium on},
  pages={114--119},
  year={2014},
  organization={IEEE}
}

@inproceedings{ali2006improving,
  title={Improving the performance of remote i/o using asynchronous primitives},
  author={Ali, Nawab and Lauria, Mario},
  booktitle={High Performance Distributed Computing, 2006 15th IEEE International Symposium on},
  pages={218--228},
  year={2006},
  organization={IEEE}
}

@inproceedings{dickens1999improving,
  title={Improving collective I/O performance using threads},
  author={Dickens, Phillip M and Thakur, Rajeev},
  booktitle={Parallel Processing, 1999. 13th International and 10th Symposium on Parallel and Distributed Processing, 1999. 1999 IPPS/SPDP. Proceedings},
  pages={38--45},
  year={1999},
  organization={IEEE}
}

@inproceedings{bester1999gass,
  title={GASS: A data movement and access service for wide area computing systems},
  author={Bester, Joseph and Foster, Ian and Kesselman, Carl and Tedesco, Jean and Tuecke, Steven},
  booktitle={Proceedings of the sixth workshop on I/O in parallel and distributed systems},
  pages={78--88},
  year={1999},
  organization={ACM}
}

@article{bresnahandata,
  title={Data Management and Transfer in High-Performance Computational Grid Environments},
  author={Bresnahan, Bill Allcock1 Joe Bester1 John and Foster, Ann L Chervenak2 Ian and Nefedova, Carl Kesselman2 Sam Meder1 Veronika and Tuecke, Darcy Quesnel1 Steven}
}

@inproceedings{bell2002high,
  title={A high-performance cluster storage server},
  author={Bell, Keith and Chien, Andrew and Lauria, Mario},
  booktitle={High Performance Distributed Computing, 2002. HPDC-11 2002. Proceedings. 11th IEEE International Symposium on},
  pages={311--320},
  year={2002},
  organization={IEEE}
}

@inproceedings{lee2004rfs,
  title={RFS: Efficient and flexible remote file access for MPI-IO},
  author={Lee, Jonghyun and Ross, R and Thakur, Rajeev and Ma, Xiaosong and Winslett, Marianne},
  booktitle={Cluster Computing, 2004 IEEE International Conference on},
  pages={71--81},
  year={2004},
  organization={IEEE}
}

@article{berrocallightweight,
  title={Lightweight Silent Data Corruption Detection Based on Runtime Data Analysis for HPC Applications},
  author={Berrocal, Eduardo and Bautista-Gomez, Leonardo and Di, Sheng and Lan, Zhiling and Cappello, Franck}
}

@inproceedings{lofstead2011six,
  title={Six degrees of scientific data: reading patterns for extreme scale science IO},
  author={Lofstead, Jay and Polte, Milo and Gibson, Garth and Klasky, Scott and Schwan, Karsten and Oldfield, Ron and Wolf, Matthew and Liu, Qing},
  booktitle={Proceedings of the 20th international symposium on High performance distributed computing},
  pages={49--60},
  year={2011},
  organization={ACM}
}

@inproceedings{foster1997remote,
  title={Remote I/O: Fast access to distant storage},
  author={Foster, Ian and Kohr Jr, David and Krishnaiyer, Rakesh and Mogill, Jace},
  booktitle={Proceedings of the fifth workshop on I/O in parallel and distributed systems},
  pages={14--25},
  year={1997},
  organization={ACM}
}

@inproceedings{nightingale2012flat,
  title={Flat Datacenter Storage.},
  author={Nightingale, Edmund B and Elson, Jeremy and Fan, Jinliang and Hofmann, Owen S and Howell, Jon and Suzue, Yutaka},
  booktitle={OSDI},
  pages={1--15},
  year={2012}
}

@inproceedings{gordon2012comet,
  title={COMET: Code Offload by Migrating Execution Transparently.},
  author={Gordon, Mark S and Jamshidi, Davoud Anoushe and Mahlke, Scott A and Mao, Zhuoqing Morley and Chen, Xu},
  booktitle={OSDI},
  pages={93--106},
  year={2012}
}

@inproceedings{guo2012spotting,
  title={Spotting Code Optimizations in Data-Parallel Pipelines through PeriSCOPE.},
  author={Guo, Zhenyu and Fan, Xuepeng and Chen, Rishan and Zhang, Jiaxing and Zhou, Hucheng and McDirmid, Sean and Liu, Chang and Lin, Wei and Zhou, Jingren and Zhou, Lidong},
  booktitle={OSDI},
  pages={121--133},
  year={2012}
}

@article{lindstrom2014fixed,
  title={Fixed-Rate Compressed Floating-Point Arrays},
  author={Lindstrom, Peter},
  year={2014},
  publisher={IEEE}
}

@techreport{kamath2012detection,
  title={Detection of Coherent Structures in Extreme-Scale Simulations},
  author={Kamath, Chandrika and Iverson, Jeremy and Kirk, Roger and Karypis, George},
  year={2012},
  institution={Lawrence Livermore National Laboratory (LLNL), Livermore, CA}
}

@techreport{gotschel2013reducing,
  title={Reducing memory requirements in scientific computing and optimal control},
  author={G{\"o}tschel, Sebastian and von Tycowicz, Christoph and Polthier, Konrad and Weiser, Martin},
  year={2013},
  institution={Technical Report 13-64, Zuse Institute Berlin}
}

@incollection{iverson2012fast,
  title={Fast and effective lossy compression algorithms for scientific datasets},
  author={Iverson, Jeremy and Kamath, Chandrika and Karypis, George},
  booktitle={Euro-Par 2012 Parallel Processing},
  pages={843--856},
  year={2012},
  publisher={Springer}
}

@article{xuexploiting,
  title={Exploiting Analytics Shipping with Virtualized MapReduce on HPC Backend Storage Servers},
  author={Xu, Cong and Goldstone, RJ and Liu, Zhuo and Chen, Hui and Neitzel, Bryon and Yu, Weikuan},
  publisher={IEEE}
}

@inproceedings{liu2014advance,
  title={In-advance data analytics for reducing time to discovery},
  author={Liu, Jialin and Lu, Yin and Chen, Yong},
  booktitle={Big Data (Big Data), 2014 IEEE International Conference on},
  pages={329--334},
  year={2014},
  organization={IEEE}
}

@article{vetteropportunities,
  title={Opportunities for Nonvolatile Memory Systems in Extreme-Scale High Performance Computing},
  author={Vetter, J and Mittal, Sparsh},
  publisher={IEEE}
}

@article{yu2005taxonomy,
  title={A taxonomy of workflow management systems for grid computing},
  author={Yu, Jia and Buyya, Rajkumar},
  journal={Journal of Grid Computing},
  volume={3},
  number={3-4},
  pages={171--200},
  year={2005},
  publisher={Springer}
}

@article{widom2004trio,
  title={Trio: A system for integrated management of data, accuracy, and lineage},
  author={Widom, Jennifer},
  journal={Technical Report},
  year={2004},
  publisher={Stanford InfoLab}
}

@article{yuan2013highly,
  title={A Highly Practical Approach toward Achieving Minimum Data Sets Storage Cost in the Cloud},
  author={Yuan, Dong and Yang, Yun and Liu, Xiao and Li, Wenhao and Cui, Lizhen and Xu, Meng and Chen, Jinjun},
  journal={IEEE Transactions on Parallel and Distributed Systems},
  volume={24},
  number={6},
  pages={1234--1244},
  year={2013},
  publisher={IEEE Press}
}

@inproceedings{hammad2014provenance,
  title={Provenance as a Service: A Data-centric Approach for Real-Time Monitoring},
  author={Hammad, Rafat and Wu, Ching-Seh},
  booktitle={Big Data (BigData Congress), 2014 IEEE International Congress on},
  pages={258--265},
  year={2014},
  organization={IEEE}
}

@article{thomas2014minimal,
  title={Minimal Cost Data Sets Storage in the Cloud},
  author={Thomas, Sanoop Jacob and Balakumar, P},
  year={2014}
}

@article{su2014effective,
  title={Effective and efficient data sampling using bitmap indices},
  author={Su, Yu and Agrawal, Gagan and Woodring, Jonathan and Myers, Kary and Wendelberger, Joanne and Ahrens, James},
  journal={Cluster Computing},
  pages={1--20},
  year={2014},
  publisher={Springer}
}

@article{yuandynamic,
  title={Dynamic on-the-fly Minimum Cost Benchmarking for Storing Generated Scientific Datasets in the Cloud},
  author={Yuan, Dong and Liu, Xiao and Yang, Yun},
  publisher={IEEE}
}

@inproceedings{foster2002chimera,
  title={Chimera: A virtual data system for representing, querying, and automating data derivation},
  author={Foster, Ian and Vockler, Jens and Wilde, Michael and Zhao, Yong},
  booktitle={Scientific and Statistical Database Management, 2002. Proceedings. 14th International Conference on},
  pages={37--46},
  year={2002},
  organization={IEEE}
}

@article{abdulla2004simulation,
  title={Simulation data as data streams},
  author={Abdulla, Ghaleb and Critchlow, Terence and Arrighi, William},
  journal={ACM SIGMOD Record},
  volume={33},
  number={1},
  pages={89--94},
  year={2004},
  publisher={ACM}
}

@inproceedings{alam2006framework,
  title={A framework to develop symbolic performance models of parallel applications},
  author={Alam, Sadaf R and Vetter, Jeffrey S},
  booktitle={Parallel and Distributed Processing Symposium, 2006. IPDPS 2006. 20th International},
  pages={8--pp},
  year={2006},
  organization={IEEE}
}

@book{larson1987computing,
  title={Computing queries from derived relations: Theoretical foundation},
  author={Larson, Per-{\AA}ke and Yang, HZ},
  year={1987},
  publisher={Citeseer}
}

@article{bourilkov2004caves,
  title={The CAVES Project-Exploring Virtual Data Concepts for Data Analysis},
  author={Bourilkov, Dimitri},
  journal={arXiv preprint physics/0401007},
  year={2004}
}

@inproceedings{santos2009using,
  title={Using workflow medleys to streamline exploratory tasks},
  author={Santos, Emanuele and Koop, David and Vo, Huy T and Anderson, Erik W and Freire, Juliana and Silva, Cl{\'a}udio},
  booktitle={Scientific and Statistical Database Management},
  pages={292--301},
  year={2009},
  organization={Springer}
}

@inproceedings{li2009scientific,
  title={Scientific Workflow Model for Provenance Analysis Based on Many-sorted High-Level Nets},
  author={Li, Ning and Hu, Jinqiang},
  booktitle={Computer and Information Science, 2009. ICIS 2009. Eighth IEEE/ACIS International Conference on},
  pages={512--515},
  year={2009},
  organization={IEEE}
}

@article{amsterdamer2011putting,
  title={Putting lipstick on pig: enabling database-style workflow provenance},
  author={Amsterdamer, Yael and Davidson, Susan B and Deutch, Daniel and Milo, Tova and Stoyanovich, Julia and Tannen, Val},
  journal={Proceedings of the VLDB Endowment},
  volume={5},
  number={4},
  pages={346--357},
  year={2011},
  publisher={VLDB Endowment}
}

@techreport{madden2011provenance,
  title={Provenance based rebuild: Using data provenance to improve reliability},
  author={Madden, Brian A and Adams, Ian F and Storer, Mark W and Miller, Ethan L and Long, Darrell DE and Kroeger, Thomas M},
  year={2011},
  institution={Tech. Rep. UCSCSSRC-11-04, University of California, Santa Cruz}
}

@inproceedings{gehani2012spade,
  title={SPADE: Support for provenance auditing in distributed environments},
  author={Gehani, Ashish and Tariq, Dawood},
  booktitle={Proceedings of the 13th International Middleware Conference},
  pages={101--120},
  year={2012},
  organization={Springer-Verlag New York, Inc.}
}

@inproceedings{thakur1999implementing,
  title={On implementing MPI-IO portably and with high performance},
  author={Thakur, Rajeev and Gropp, William and Lusk, Ewing},
  booktitle={Proceedings of the sixth workshop on I/O in parallel and distributed systems},
  pages={23--32},
  year={1999},
  organization={ACM}
}

@ConferenceProceedings{conf/cluster/AliCIKLLRWS09
,	title	= {Scalable I/O forwarding framework for high-performance computing systems.}
,	isbn	= {978-1-4244-5012-1}
,	pages	= {1-10}
,	publisher	= {IEEE}
,	year	= {2009}
,	author	= {Ali, Nawab AND Carns, Philip H AND Iskra, Kamil AND Kimpe, Dries AND Lang, Samuel AND Latham, Robert AND Ross, Robert B AND Ward, Lee AND Sadayappan, P}
}

@inproceedings{wang2015sass,
  title={SASS: A High-Performance Key-Value Store Design for Massive Hybrid Storage},
  author={Wang, Jiangtao and Guo, Zhiliang and Meng, Xiaofeng},
  booktitle={Database Systems for Advanced Applications},
  pages={145--159},
  year={2015},
  organization={Springer}
}

@article{grout2015achieving,
  title={Achieving algorithmic resilience for temporal integration through spectral deferred corrections},
  author={Grout, RW and Kolla, H and Minion, ML and Bell, JB},
  journal={arXiv preprint arXiv:1504.01329},
  year={2015}
}

@article{isaacsordering,
  title={Ordering Traces Logically to Identify Lateness in Message Passing Programs},
  author={Isaacs, Katherine and Gamblin, Todd and Bhatele, Abhinav and Schulz, Martin and Hamann, Bernd and Bremer, Peer-Timo},
  publisher={IEEE}
}

@article{liu2015hierarchical,
  title={Hierarchical Collective I/O Scheduling for High-Performance Computing},
  author={Liu, Jialin and Zhuang, Yu and Chen, Yong},
  journal={Big Data Research},
  year={2015},
  publisher={Elsevier}
}

@article{kolomvatsos2015efficient,
  title={An Efficient Time Optimized Scheme for Progressive Analytics in Big Data},
  author={Kolomvatsos, Kostas and Anagnostopoulos, Christos and Hadjiefthymiades, Stathes},
  journal={Big Data Research},
  year={2015},
  publisher={Elsevier}
}

@inproceedings{duan2014efficient,
  title={An Efficient Co-processing Framework for Large-Scale Scientific Applications},
  author={Duan, Rubing and Goh, Rick Siow Mong and Rachmawati, Lily and Wang, Long and Palit, Henry N and Li, Xiaorong and Goh, Chi Keong and Dutta, Partha and Lapworth, Leigh and Knott, David},
  booktitle={Cloud Computing Technology and Science (CloudCom), 2014 IEEE 6th International Conference on},
  pages={254--261},
  year={2014},
  organization={IEEE}
}

@article{unat2015exasat,
  title={ExaSAT: An exascale co-design tool for performance modeling},
  author={Unat, Didem and Chan, Cy and Zhang, Weiqun and Williams, Samuel and Bachan, John and Bell, John and Shalf, John},
  journal={International Journal of High Performance Computing Applications},
  pages={1094342014568690},
  year={2015},
  publisher={SAGE Publications}
}

@inproceedings{carey2014sensitivity,
  title={Sensitivity analysis for time dependent problems: optimal checkpoint-recompute HPC workflows},
  author={Carey, Varis and Abbasi, Hasan and Rodero, Ivan and Kolla, Hemanth},
  booktitle={Proceedings of the 9th Workshop on Workflows in Support of Large-Scale Science},
  pages={20--30},
  year={2014},
  organization={IEEE Press}
}

@JournalArticle{Yu:2010:CGA
,	title	= {In Situ Visualization for Large-Scale Combustion Simulations}
,	month	= {5}
,	doi	= {http://dx.doi.org/10.1109/MCG.2010.55}
,	issn	= {0272-1716}
,	issue	= {3}
,	pages	= {45-57}
,	publisher	= {IEEE Computer Society Press}
,	volume	= {30}
,	year	= {2010}
,	author	= {Yu, Hongfeng AND Wang, Chaoli AND Grout, Ray W AND Chen, Jacqueline H AND Ma, Kwan-Liu}
}

@article{yu2006remote,
  title={Remote runtime steering of integrated terascale simulation and visualization},
  author={Yu, Hongfeng and Tu, Tiankai and Bielak, Jacobo and Ghattas, Omar and L{\'o}pez, Julio and Ma, Kwan-Liu and O'Hallaron, David R and Ramirez-Guzman, Leonardo and Stone, Nathan and Taborda-Rios, Ricardo and others},
  year={2006},
  publisher={ACM}
}

@inproceedings{zhu2004hierarchical,
  title={Hierarchical bloom filter arrays (hba): a novel, scalable metadata management system for large cluster-based storage},
  author={Zhu, Yifeng and Jiang, Hong and Wang, Jun},
  booktitle={Cluster Computing, 2004 IEEE International Conference on},
  pages={165--174},
  year={2004},
  organization={IEEE}
}

@article{hick2010hpss,
  title={HPSS in the Extreme Scale Era: Report to DOE Office of Science on HPSS in 2018-2022},
  author={Hick, Jason},
  journal={Lawrence Berkeley National Laboratory},
  year={2010}
}

@article{huareal,
  title={Real-time Semantic Search using Approximate Methodology for Large-scale Storage Systems},
  author={Hua, Yu and Jiang, Hong and Feng, Dan}
}

@inproceedings{pallipuram2014applying,
  title={Applying frequency analysis techniques to dag-based workflows to benchmark and predict resource behavior on non-dedicated clusters},
  author={Pallipuram, Vivek K and DiMarco, Jeffrey and Taufer, Michela},
  booktitle={Cluster Computing (CLUSTER), 2014 IEEE International Conference on},
  pages={29--37},
  year={2014},
  organization={IEEE}
}

@inproceedings{shi2014giraffe,
  title={GIRAFFE: A scalable distributed coordination service for large-scale systems},
  author={Shi, Xuanhua and Lin, Haohong and Jin, Hai and Zhou, Bing Bing and Yin, Zuoning and Di, Sheng and Wu, Song},
  booktitle={Cluster Computing (CLUSTER), 2014 IEEE International Conference on},
  pages={38--47},
  year={2014},
  organization={IEEE}
}

@inproceedings{pietri2014performance,
  title={A performance model to estimate execution time of scientific workflows on the cloud},
  author={Pietri, Ilia and Juve, Gideon and Deelman, Ewa and Sakellariou, Rizos},
  booktitle={Proceedings of the 9th Workshop on Workflows in Support of Large-Scale Science},
  pages={11--19},
  year={2014},
  organization={IEEE Press}
}

@inproceedings{chirkin2014execution,
  title={Execution time estimation for workflow scheduling},
  author={Chirkin, Artem M and Belloum, ASZ and Kovalchuk, Sergey V and Makkes, Marc X},
  booktitle={Proceedings of the 9th Workshop on Workflows in Support of Large-Scale Science},
  pages={1--10},
  year={2014},
  organization={IEEE Press}
}

@inproceedings{srinivasan2014cleanup,
  title={A cleanup algorithm for implementing storage constraints in scientific workflow executions},
  author={Srinivasan, Sudarshan and Juve, Gideon and da Silva, Rafael Ferreira and Vahi, Karan and Deelman, Ewa},
  booktitle={Proceedings of the 9th Workshop on Workflows in Support of Large-Scale Science},
  pages={41--49},
  year={2014},
  organization={IEEE Press}
}

@inproceedings{balderrama2014combining,
  title={Combining workflow templates with a shared space-based execution model},
  author={Balderrama, Javier Rojas and Simonin, Matthieu and Ramakrishnan, Lavanya and Hendrix, Valerie and Morin, Christine and Agarwal, Deborah and Tedeschi, C{\'e}dric},
  booktitle={Proceedings of the 9th Workshop on Workflows in Support of Large-Scale Science},
  pages={50--58},
  year={2014},
  organization={IEEE Press}
}

@inproceedings{jaghoori2014user,
  title={User-oriented partial result evaluation in workflow-based science gateways},
  author={Jaghoori, Mohammad Mahdi and Ramezani, Sara and Olabarriaga, Silvia D},
  booktitle={Proceedings of the 9th Workshop on Workflows in Support of Large-Scale Science},
  pages={70--81},
  year={2014},
  organization={IEEE Press}
}

@inproceedings{balis2014increasing,
  title={Increasing scientific workflow programming productivity with HyperFlow},
  author={Balis, Bartosz},
  booktitle={Proceedings of the 9th Workshop on Workflows in Support of Large-Scale Science},
  pages={59--69},
  year={2014},
  organization={IEEE Press}
}

@inproceedings{garijo2014towards,
  title={Towards workflow ecosystems through semantic and standard representations},
  author={Garijo, Daniel and Gil, Yolanda and Corcho, Oscar},
  booktitle={Proceedings of the 9th Workshop on Workflows in Support of Large-Scale Science},
  pages={94--104},
  year={2014},
  organization={IEEE Press}
}

@inproceedings{gesing2014workflows,
  title={Workflows in a dashboard: a new generation of usability},
  author={Gesing, Sandra and Atkinson, Malcolm and Filgueira, Rosa and Taylor, Ian and Jones, Andrew and Stankovski, Vlado and Liew, Chee Sun and Spinuso, Alessandro and Terstyanszky, Gabor and Kacsuk, Peter},
  booktitle={Proceedings of the 9th Workshop on Workflows in Support of Large-Scale Science},
  pages={82--93},
  year={2014},
  organization={IEEE Press}
}

@article{dai2015autoperf,
  title={Autoperf: Workflow Support for Performance Experiments},
  author={Dai, Xiaoguang and Norris, Boyana and Malony, Allen D},
  year={2015}
}

@article{zhang2014skewly,
  title={Skewly replicating hot data to construct a power-efficient storage cluster},
  author={Zhang, Lingwei and Deng, Yuhui and Zhu, Weiheng and Zhou, Jipeng and Wang, Frank},
  journal={Journal of Network and Computer Applications},
  year={2014},
  publisher={Elsevier}
}

@incollection{varrette2015energy,
  title={Energy Efficiency in HPC Data Centers: Latest Advances to Build the Path to Exascale},
  author={Varrette, S{\'e}bastien and Bouvry, Pascal and Jarus, Mateusz and Oleksiak, Ariel},
  booktitle={Handbook on Data Centers},
  pages={81--107},
  year={2015},
  publisher={Springer}
}

@inproceedings{balakrishnan2014pelican,
  title={Pelican: A building block for exascale cold data storage},
  author={Balakrishnan, Shobana and Black, Richard and Donnelly, Austin and England, Paul and Glass, Adam and Harper, Dave and Legtchenko, Sergey and Ogus, Aaron and Peterson, Eric and Rowstron, Antony},
  booktitle={Proceedings of the 11th USENIX conference on Operating Systems Design and Implementation},
  pages={351--365},
  year={2014},
  organization={USENIX Association}
}

@inproceedings{hwang2014unicache,
  title={UniCache: Hypervisor Managed Data Storage in RAM and Flash},
  author={Hwang, Jinho and Zhang, Wei and Chiang, Ron C and Wood, Timothy and Huang, H Howie},
  booktitle={Cloud Computing (CLOUD), 2014 IEEE 7th International Conference on},
  pages={216--223},
  year={2014},
  organization={IEEE}
}

@inproceedings{gupta2014economic,
  title={An Economic Perspective of Disk vs. Flash Media in Archival Storage},
  author={Gupta, Preeti and Wildani, Avani and Miller, Ethan L and Rosenthal, Daniel and Adams, Ian F and Strong, Christina and Hospodor, Andy},
  booktitle={Proceedings of the 22th IEEE International Symposium on Modeling, Analysis, and Simulation of Computer and Telecommunication Systems (MASCOTS 2014)},
  year={2014}
}

@inproceedings{amur2010robust,
  title={Robust and flexible power-proportional storage},
  author={Amur, Hrishikesh and Cipar, James and Gupta, Varun and Ganger, Gregory R and Kozuch, Michael A and Schwan, Karsten},
  booktitle={Proceedings of the 1st ACM symposium on Cloud computing},
  pages={217--228},
  year={2010},
  organization={ACM}
}

@inproceedings{andre2014archiving,
  title={Archiving cold data in warehouses with clustered network coding},
  author={Andr{\'e}, Fabien and Kermarrec, Anne-Marie and Le Merrer, Erwan and Le Scouarnec, Nicolas and Straub, Gilles and Van Kempen, Alexandre},
  booktitle={Proceedings of the Ninth European Conference on Computer Systems},
  pages={21},
  year={2014},
  organization={ACM}
}

@inproceedings{colarelli2002massive,
  title={Massive arrays of idle disks for storage archives},
  author={Colarelli, Dennis and Grunwald, Dirk},
  booktitle={Proceedings of the 2002 ACM/IEEE conference on Supercomputing},
  pages={1--11},
  year={2002},
  organization={IEEE Computer Society Press}
}

@inproceedings{thereska2011sierra,
  title={Sierra: practical power-proportionality for data center storage},
  author={Thereska, Eno and Donnelly, Austin and Narayanan, Dushyanth},
  booktitle={Proceedings of the sixth conference on Computer systems},
  pages={169--182},
  year={2011},
  organization={ACM}
}

@article{gagansmart,
  title={Smart: A MapReduce-Like Framework for In-Situ Scientific Analytics},
  author={Gagan, Yi Wang and Bicer, Tekin and Jiang, Wei}
}

@inproceedings{aly2012m3,
  title={M3: Stream processing on main-memory mapreduce},
  author={Aly, Ahmed M and Sallam, Asmaa and Gnanasekaran, Bala M and Nguyen-Dinh, L and Aref, Walid G and Ouzzani, Mourad and Ghafoor, Arif},
  booktitle={Data Engineering (ICDE), 2012 IEEE 28th International Conference on},
  pages={1253--1256},
  year={2012},
  organization={IEEE}
}

@inproceedings{buck2011scihadoop
,	title	= {SciHadoop: Array-based query processing in hadoop}
,	author	= {Buck, Joe B and Watkins, Noah and LeFevre, Jeff and Ioannidou, Kleoni and Maltzahn, Carlos and Polyzotis, Neoklis and Brandt, Scott}
,	booktitle	= {Proceedings of 2011 International Conference for High Performance Computing, Networking, Storage and Analysis}
,	pages	= {66}
,	year	= {2011}
}

@inproceedings{condie2010mapreduce,
  title={MapReduce Online.},
  author={Condie, Tyson and Conway, Neil and Alvaro, Peter and Hellerstein, Joseph M and Elmeleegy, Khaled and Sears, Russell},
  booktitle={NSDI},
  volume={10},
  number={4},
  pages={20},
  year={2010}
}

@article{Ekanayake2008
,	author	= {Ekanayake, Jaliya and Pallickara, Shrideep and Fox, Geoffrey}
,	doi	= {10.1109/eScience.2008.59}
,	isbn	= {978-1-4244-3380-3}
,	journal	= {2008 IEEE Fourth International Conference on eScience}
,	month	= {dec}
,	pages	= {277--284}
,	publisher	= {Ieee}
,	title	= {MapReduce for Data Intensive Scientific Analyses}
,	year	= {2008}
}

@inproceedings{curbera2000component,
  title={On component composition languages},
  author={Curbera, Francisco and Weerawarana, Sanjiva and Duftler, Matthew J},
  booktitle={Proceedings of ECOOP 2000 Workshop on Component-Oriented Programming},
  year={2000}
}

@inproceedings{reid2000knit,
  title={Knit: Component composition for systems software},
  author={Reid, Alastair and Flatt, Matthew and Stoller, Leigh and Lepreau, Jay and Eide, Eric},
  booktitle={Proceedings of the 4th conference on Symposium on Operating System Design \& Implementation-Volume 4},
  pages={24--24},
  year={2000},
  organization={USENIX Association}
}

@article{lahonintricacies,
  title={The Intricacies of Software Component Composition},
  author={Lahon, Maushumi and Sharma, Uzzal}
}

#

@book{ford1997flux,
  title={The Flux OSKit: A substrate for kernel and language research},
  author={Ford, Bryan and Back, Godmar and Benson, Greg and Lepreau, Jay and Lin, Albert and Shivers, Olin},
  volume={31},
  number={5},
  year={1997},
  publisher={ACM}
}

@inproceedings{bangert2014nail,
  title={Nail: A practical tool for parsing and generating data formats},
  author={Bangert, Julian and Zeldovich, Nickolai},
  booktitle={Proceedings of the 11th USENIX conference on Operating Systems Design and Implementation},
  pages={615--628},
  year={2014},
  organization={USENIX Association}
}

@inproceedings{muralidhar2014f4,
  title={f4: Facebookâ€™s Warm BLOB Storage System},
  author={Muralidhar, Subramanian and Lloyd, Wyatt and Roy, Sabyasachi and Hill, Cory and Lin, Ernest and Liu, Weiwen and Pan, Satadru and Shankar, Shiva and Sivakumar, Viswanath and Tang, Linpeng and others},
  booktitle={Proceedings of the 11th USENIX conference on Operating Systems Design and Implementation},
  pages={383--398},
  year={2014},
  organization={USENIX Association}
}

@inproceedings{wires2014characterizing,
  title={Characterizing storage workloads with counter stacks},
  author={Wires, Jake and Ingram, Stephen and Drudi, Zachary and Harvey, Nicholas JA and Warfield, Andrew and Data, Coho},
  booktitle={Proceedings of the 11th USENIX conference on Operating Systems Design and Implementation},
  pages={335--349},
  year={2014},
  organization={USENIX Association}
}

@inproceedings{kim2014gpunet,
  title={GPUnet: Networking abstractions for GPU programs},
  author={Kim, Sangman and Huh, Seonggu and Hu, Yige and Zhang, Xinya and Wated, A and Witchel, E and Silberstein, Mark},
  booktitle={Proceedings of the International Conference on Operating Systems Design and Implementation},
  pages={6--8},
  year={2014}
}

@inproceedings{spahn2014pebbles,
  title={Pebbles: fine-grained data management abstractions for modern operating systems},
  author={Spahn, Riley and Bell, Jonathan and Lee, Michael and Bhamidipati, Sravan and Geambasu, Roxana and Kaiser, Gail},
  booktitle={Proceedings of the 11th USENIX conference on Operating Systems Design and Implementation},
  pages={113--129},
  year={2014},
  organization={USENIX Association}
}

@comment { BIBTEX_AUTO - GS }
@article{huareal,
  title={Real-time Semantic Search using Approximate Methodology for Large-scale Storage Systems},
  author={Hua, Yu and Jiang, Hong and Feng, Dan},
  publisher={IEEE}
}

@comment { BIBTEX_AUTO - GS }
@inproceedings{elnably2012efficient,
  title={Efficient QoS for multi-tiered storage systems},
  author={Elnably, Ahmed and Wang, Hui and Gulati, Ajay and Varman, Peter},
  booktitle={4th USENIX Workshop on Hot Topics in Storage and File Systems},
  year={2012}
}

@comment { BIBTEX_AUTO - GS }
@inproceedings{wang2014balancing,
  title={Balancing fairness and efficiency in tiered storage systems with bottleneck-aware allocation.},
  author={Wang, Hui and Varman, Peter J},
  booktitle={FAST},
  pages={229--242},
  year={2014}
}

@comment { BIBTEX_AUTO - GS }
@inproceedings{elnably2012reward,
  title={Reward scheduling for QoS in cloud applications},
  author={Elnably, Ahmed and Du, Kai and Varman, Peter},
  booktitle={Cluster, Cloud and Grid Computing (CCGrid), 2012 12th IEEE/ACM International Symposium on},
  pages={98--106},
  year={2012},
  organization={IEEE}
}

@comment { BIBTEX_AUTO - GS }
@inproceedings{lumb2003faccade,
  title={Fa{\c{c}}ade: Virtual Storage Devices with Performance Guarantees.},
  author={Lumb, Christopher R and Merchant, Arif and Alvarez, Guillermo A},
  booktitle={FAST},
  volume={3},
  pages={131--144},
  year={2003}
}

@inproceedings{kim2000low,
  title={A low-overhead high-performance unified buffer management scheme that exploits sequential and looping references},
  author={Kim, Jong Min and Choi, Jongmoo and Kim, Jesung and Noh, Sam H and Min, Sang Lyul and Cho, Yookun and Kim, Chong Sang},
  booktitle={Proceedings of the 4th conference on Symposium on Operating System Design \& Implementation-Volume 4},
  pages={9--9},
  year={2000},
  organization={USENIX Association}
}

@comment { BIBTEX_AUTO - GS }
@inproceedings{shim2010adaptive,
  title={An adaptive partitioning scheme for DRAM-based cache in solid state drives},
  author={Shim, Hyotaek and Seo, Bon-Keun and Kim, Jin-Soo and Maeng, Seungryoul},
  booktitle={Mass Storage Systems and Technologies (MSST), 2010 IEEE 26th Symposium on},
  pages={1--12},
  year={2010},
  organization={IEEE}
}

@BookSection{patterson:binformed
,	title	= {Informed Prefetching and Caching}
,	pages	= {224-244}
,	publisher	= {IEEE Computer Society Press and Wiley}
,	year	= {2001}
,	author	= {Patterson, R Hugo AND Gibson, Garth A AND Ginting, Eka AND Stodolsky, Daniel AND Zelenka, Jim AND Jin, Hai AND Cortes, Toni AND Buyya, Rajkumar}
}

@inproceedings{bao2011case,
  title={The case for context-aware compression},
  author={Bao, Xuan and Narayan, Trevor and Sani, Ardalan Amiri and Richter, Wolfgang and Choudhury, Romit Roy and Zhong, Lin and Satyanarayanan, Mahadev},
  booktitle={Proceedings of the 12th Workshop on Mobile Computing Systems and Applications},
  pages={77--82},
  year={2011},
  organization={ACM}
}

@inproceedings{steere1995using,
  title={Using Dynamic Sets to overcome high I/O latencies during search},
  author={Steere, David and Satyanarayanan, M},
  booktitle={Hot Topics in Operating Systems, Workshop on},
  pages={136--136},
  year={1995},
  organization={IEEE Computer Society}
}

@comment { BIBTEX_AUTO - GS }
@inproceedings{gifford1991semantic,
  title={Semantic file systems},
  author={Gifford, David K and Jouvelot, Pierre and Sheldon, Mark A and others},
  booktitle={ACM SIGOPS Operating Systems Review},
  volume={25},
  number={5},
  pages={16--25},
  year={1991},
  organization={ACM}
}

@article{hua2014sane,
  title={SANE: Semantic-Aware Namespacein Ultra-Large-Scale File Systems},
  author={Hua, Yu and Jiang, Hong and Zhu, Yifeng and Feng, Dan and Xu, Lei},
  journal={Parallel and Distributed Systems, IEEE Transactions on},
  volume={25},
  number={5},
  pages={1328--1338},
  year={2014},
  publisher={IEEE}
}

@comment { BIBTEX_AUTO - GS }
@inproceedings{parker2014file,
  title={A File By Any Other Name: Managing File Names with Metadata},
  author={Parker-Wood, Aleatha and Long, Darrell DE and Miller, Ethan and Rigaux, Philippe and Isaacson, Andy},
  booktitle={Proceedings of International Conference on Systems and Storage},
  pages={1--11},
  year={2014},
  organization={ACM}
}

@comment { BIBTEX_AUTO - GS }
@article{chen2014nccloud,
  title={NCCloud: A Network-Coding-Based Storage System in a Cloud-of-Clouds},
  author={Chen, Henry CH and Hu, Yuchong and Lee, Patrick PC and Tang, Yang},
  journal={Computers, IEEE Transactions on},
  volume={63},
  number={1},
  pages={31--44},
  year={2014},
  publisher={IEEE}
}

@comment { BIBTEX_AUTO - GS }
@article{saralaefficient,
  title={Efficient Resource Mapping by means of Storage Tiering using RAID in Cloud},
  author={Sarala, P and Shanthi, N}
}

@comment { BIBTEX_AUTO - GS }
@article{parsons2011conceptual,
  title={A conceptual framework for managing very diverse data for complex, interdisciplinary science},
  author={Parsons, Mark A and God{\o}y, {\O}ystein and LeDrew, Ellsworth and De Bruin, Taco F and Danis, Bruno and Tomlinson, Scott and Carlson, David},
  journal={Journal of Information Science},
  volume={37},
  number={6},
  pages={555--569},
  year={2011},
  publisher={SAGE Publications}
}

@comment { BIBTEX_AUTO - GS }
@inproceedings{su2015situ,
  title={In-situ bitmaps generation and efficient data analysis based on bitmaps},
  author={Su, Yu and Wang, Yi and Agrawal, Gagan},
  booktitle={Proceedings of the 24th International Symposium on High-Performance Parallel and Distributed Computing},
  pages={61--72},
  year={2015},
  organization={ACM}
}

@comment { BIBTEX_AUTO - GS }
@inproceedings{wang2015scisd,
  title={Scisd: Novel subgroup discovery over scientific datasets using bitmap indices},
  author={Wang, Yi and Su, Yu and Agrawal, Gagan and Liu, Tantan},
  booktitle={Submission to the 18th International Conference on Extending Database Technology},
  year={2015}
}

@comment { BIBTEX_AUTO - GS }
@article{herrera2011overview,
  title={An overview on subgroup discovery: foundations and applications},
  author={Herrera, Franciso and Carmona, Crist{\'o}bal Jos{\'e} and Gonz{\'a}lez, Pedro and Del Jesus, Mar{\'\i}a Jos{\'e}},
  journal={Knowledge and information systems},
  volume={29},
  number={3},
  pages={495--525},
  year={2011},
  publisher={Springer}
}

@comment { BIBTEX_AUTO - GS }
@article{liascar,
  title={ASCAR: Automating Contention Management for High-Performance Storage Systems},
  author={Li, Yan and Lu, Xiaoyuan and Miller, Ethan L and Long, Darrell DE}
}

@comment { BIBTEX_AUTO - GS }
@inproceedings{kocoloski2015xemem,
  title={XEMEM: Efficient Shared Memory for Composed Applications on Multi-OS/R Exascale Systems},
  author={Kocoloski, Brian and Lange, John},
  booktitle={Proceedings of the 24th International Symposium on High-Performance Parallel and Distributed Computing},
  pages={89--100},
  year={2015},
  organization={ACM}
}

@comment { BIBTEX_AUTO - GS }
@inproceedings{hassan2015energy,
  title={Energy-Efficient In-Memory Data Stores on Hybrid Memory Hierarchies},
  author={Hassan, Ahmad and Vandierendonck, Hans and Nikolopoulos, Dimitrios S},
  booktitle={Proceedings of the 11th International Workshop on Data Management on New Hardware},
  pages={1},
  year={2015},
  organization={ACM}
}

@inproceedings{zaharia2012resilient
,	title	= {Resilient distributed datasets: A fault-tolerant abstraction for in-memory cluster computing}
,	author	= {Zaharia, Matei and Chowdhury, Mosharaf and Das, Tathagata and Dave, Ankur and Ma, Justin and McCauley, Murphy and Franklin, Michael J and Shenker, Scott and Stoica, Ion}
,	booktitle	= {Proceedings of the 9th USENIX conference on Networked Systems Design and Implementation}
,	pages	= {2--2}
,	year	= {2012}
}

@comment { BIBTEX_AUTO - GS }
@inproceedings{chen2012walnut,
  title={Walnut: a unified cloud object store},
  author={Chen, Jianjun and Douglas, Chris and Mutsuzaki, Michi and Quaid, Patrick and Ramakrishnan, Raghu and Rao, Sriram and Sears, Russell},
  booktitle={Proceedings of the 2012 ACM SIGMOD International Conference on Management of Data},
  pages={743--754},
  year={2012},
  organization={ACM}
}

@comment { BIBTEX_AUTO - GS }
@article{graefe2014memory,
  title={In-memory performance for big data},
  author={Graefe, Goetz and Volos, Haris and Kimura, Hideaki and Kuno, Harumi and Tucek, Joseph and Lillibridge, Mark and Veitch, Alistair},
  journal={Proceedings of the VLDB Endowment},
  volume={8},
  number={1},
  pages={37--48},
  year={2014},
  publisher={VLDB Endowment}
}

@comment { BIBTEX_AUTO - GS }
@inproceedings{zheng2012scalable,
  title={A scalable double in-memory checkpoint and restart scheme towards exascale},
  author={Zheng, Gengbin and Ni, Xiang and Kal{\'e}, Laxmikant V},
  booktitle={Dependable Systems and Networks Workshops (DSN-W), 2012 IEEE/IFIP 42nd International Conference on},
  pages={1--6},
  year={2012},
  organization={IEEE}
}

@comment { BIBTEX_AUTO - GS }
@inproceedings{ramos2011page,
  title={Page placement in hybrid memory systems},
  author={Ramos, Luiz E and Gorbatov, Eugene and Bianchini, Ricardo},
  booktitle={Proceedings of the international conference on Supercomputing},
  pages={85--95},
  year={2011},
  organization={ACM}
}

@comment { BIBTEX_AUTO - GS }
@inproceedings{coburn2011nv,
  title={NV-Heaps: making persistent objects fast and safe with next-generation, non-volatile memories},
  author={Coburn, Joel and Caulfield, Adrian M and Akel, Ameen and Grupp, Laura M and Gupta, Rajesh K and Jhala, Ranjit and Swanson, Steven},
  booktitle={ACM SIGARCH Computer Architecture News},
  volume={39},
  number={1},
  pages={105--118},
  year={2011},
  organization={ACM}
}

@comment { BIBTEX_AUTO - GS }
@article{viglas2014write,
  title={Write-limited sorts and joins for persistent memory},
  author={Viglas, Stratis D},
  journal={Proceedings of the VLDB Endowment},
  volume={7},
  number={5},
  pages={413--424},
  year={2014},
  publisher={VLDB Endowment}
}

@comment { BIBTEX_AUTO - GS }
@article{pelley2013storage,
  title={Storage management in the NVRAM era},
  author={Pelley, Steven and Wenisch, Thomas F and Gold, Brian T and Bridge, Bill},
  journal={Proceedings of the VLDB Endowment},
  volume={7},
  number={2},
  pages={121--132},
  year={2013},
  publisher={VLDB Endowment}
}

@comment { BIBTEX_AUTO - GS }
@inproceedings{guerra2012software,
  title={Software Persistent Memory.},
  author={Guerra, Jorge and M{\'a}rmol, Leonardo and Campello, Daniel and Crespo, Carlos and Rangaswami, Raju and Wei, Jinpeng},
  booktitle={USENIX Annual Technical Conference},
  pages={319--331},
  year={2012}
}

@comment { BIBTEX_AUTO - GS }
@inproceedings{li2012identifying,
  title={Identifying opportunities for byte-addressable non-volatile memory in extreme-scale scientific applications},
  author={Li, Dong and Vetter, Jeffrey S and Marin, Gabriel and McCurdy, Collin and Cira, Cristian and Liu, Zhuo and Yu, Weikuan},
  booktitle={Parallel \& Distributed Processing Symposium (IPDPS), 2012 IEEE 26th International},
  pages={945--956},
  year={2012},
  organization={IEEE}
}

@comment { BIBTEX_AUTO - GS }
@article{chen2015persistent,
  title={Persistent b+-trees in non-volatile main memory},
  author={Chen, Shimin and Jin, Qin},
  journal={Proceedings of the VLDB Endowment},
  volume={8},
  number={7},
  pages={786--797},
  year={2015},
  publisher={VLDB Endowment}
}

@comment { BIBTEX_AUTO - GS }
@inproceedings{caulfield2010understanding,
  title={Understanding the impact of emerging non-volatile memories on high-performance, io-intensive computing},
  author={Caulfield, Adrian M and Coburn, Joel and Mollov, Todor and De, Arup and Akel, Ameen and He, Jiahua and Jagatheesan, Arun and Gupta, Rajesh K and Snavely, Allan and Swanson, Steven},
  booktitle={Proceedings of the 2010 ACM/IEEE International Conference for High Performance Computing, Networking, Storage and Analysis},
  pages={1--11},
  year={2010},
  organization={IEEE Computer Society}
}

@article{QIQQA-ITAQA
,	author	= {LAMMPS Developer Guide}
,	title	= {}
,	year	= {2011}
,	publisher	= {}
}


@article{dietz1996iter,
  title={The ITER fusion experiment},
  author={Dietz, J and Team, The Iter Joint Central},
  journal={Vacuum},
  volume={47},
  number={6},
  pages={911--918},
  year={1996},
  publisher={Elsevier}
}


@inproceedings{shipman2012next,
  title={A next-generation parallel file system environment for the OLCF},
  author={Shipman, Galen M and Dillow, David A and Fuller, Douglas and Gunasekaran, Raghul and Hill, Jason and Kim, Youngjae and Oral, Sarp and Reitz, Doug and Simmons, James and Wang, Feiyi},
  booktitle={Proceedings of the Cray User Group Conference, Stuttgart, Germany},
  year={2012}
}