@book{Hamming:book, AUTHOR = {Hamming, R. W.}, TITLE = {Numerical methods for
	scientists and engineers}, SERIES = {International Series in Pure and
		Applied Mathematics}, PUBLISHER = {McGraw-Hill Book Co., Inc.,
			New York-San Francisco, Calif.-Toronto-London}, YEAR =
			{1962}, PAGES = {xvii+411}, MRCLASS = {65.00}, MRNUMBER
	= {0137279 (25 \#735)}, MRREVIEWER = {G. E. Forsythe}, }

@book{Gray:book, AUTHOR = {Gray, Robert M.}, TITLE = {Entropy and information
	theory}, EDITION = {Second}, PUBLISHER = {Springer, New York}, YEAR =
	{2011}, PAGES = {xxviii+409}, ISBN = {978-1-4419-7969-8;
						     978-1-4419-7970-4},
		MRCLASS = {94-02 (94A15 94A17)}, MRNUMBER = {3134681},
		MRREVIEWER = {Oliver Johnson}, DOI =
		{10.1007/978-1-4419-7970-4}, URL =
	{http://dx.doi.org/10.1007/978-1-4419-7970-4}, }

@article{BurtscherFPC, AUTHOR = {Burtscher, Martin and Ratanaworabhan, Paruj},
	TITLE = {F{PC}: a high-speed compressor for double-precision
		floating-point data}, JOURNAL = {IEEE Trans. Comput.}, FJOURNAL
		= {Institute of Electrical and Electronics Engineers.
			Transactions on Computers}, VOLUME = {58}, YEAR =
			{2009}, NUMBER = {1}, PAGES = {18--31}, ISSN =
	{0018-9340}, CODEN = {ITCOB4}, MRCLASS = {Database Expansion Item},
		MRNUMBER = {2655083}, DOI = {10.1109/TC.2008.131}, URL =
		{http://dx.doi.org/10.1109/TC.2008.131}, }

@inproceedings{GomezCappello, title={Improving floating point compression
	through binary masks}, author={Gomez, Leonardo and Cappello, Franck and
		others}, booktitle={Big Data, 2013 IEEE International
			Conference on}, pages={326--331}, year={2013},
		organization={IEEE} }


